2460 4184
483 343 619 392 munus.
947 345 988 412 ῃ

115 496 229 556 matris.
267 492 399 552 'Auditus
414 496 458 550 est
471 491 554 550 nobis
567 490 688 550 Laeliae
700 490 735 550 0.
746 491 782 550 F.
790 507 876 566 saepe
885 511 987 553 sermo.

116 611 189 670 ergo
212 595 295 652 illam
324 593 412 666 patris
439 590 585 666 elegantia
605 589 737 650 tinctam,
752 591 894 649 vidimus:
926 591 991 650 ²’et

118 695 194 752 tiliae
223 694 286 766 ejus
314 692 429 750 Mucias
456 693 565 758 ambas,
591 707 710 763 quarum
735 707 831 748 sermo
854 690 993 750 mihiiuit

118 797 223 850 uotae:
243 796 276 848 et
298 795 400 864 neptes
422 789 561 856 Licinias,
584 805 653 864 quas
678 804 731 848 nos
753 788 870 864 quidem
884 789 992 858 ambas,

119 892 199 950 banc
217 907 287 947 vero
302 887 449 963 Scipionis
463 887 552 945 etiam
566 890 606 955 tu,
620 887 824 956 Brote,credo,
838 889 996 964 aliquando

120 989 230 1048 audisti
255 991 430 1062 loquentem.
470 985 536 1060 Ego
558 1001 638 1053 vero,
660 1002 695 1042 ac
719 985 852 1044 lubenter
869 987 996 1062 quidem,
1074 971 1084 980 ³

120 1087 219 1163 inquit
240 1089 362 1155 Brutum
383 1092 414 1142 et
435 1103 472 1142 eo
496 1085 650 1152 lubentius,
672 1085 748 1159 quod
761 1086 798 1143 L.
813 1085 912 1142 Crassi
935 1089 998 1144 erat

121 1188 191 1246 tilia.
237 1187 316 1258 Quid
343 1164 489 1252 iirassum,
516 1183 643 1258 inquiam,
670 1182 752 1242 illum
775 1199 889 1251 censes,
915 1183 998 1243 istius

121 1285 262 1344 Liciniae
275 1284 377 1352 filium,
392 1281 490 1340 Crassi
505 1285 679 1340 testamento
692 1282 741 1357 qui
753 1281 809 1342 t'uit
822 1279 998 1356 adoptatori

122 1385 249 1442 Summo
263 1382 319 1441 iate
332 1381 449 1456 quidem
462 1380 568 1438 dicitur
581 1379 701 1456 ingenio
714 1381 810 1450 luisse,
824 1381 926 1456 inquit.
957 1381 998 1440 Et

124 1500 200 1541 vero
214 1481 264 1540 hic
280 1481 389 1554 Scipio,
402 1482 515 1554 collega
524 1497 615 1549 meus,
626 1480 697 1538 mibi
707 1483 862 1539 sanebene
876 1487 906 1538 et
919 1481 998 1558 loqui

121 1581 255 1646 videtur,
277 1584 306 1636 et
326 1580 433 1638 dicere.
483 1579 587 1645 Recte,
608 1579 734 1653 inquam,
748 1579 875 1652 judicas,
898 1580 998 1638 Bmte.

121 1678 248 1738 Etenim
275 1677 356 1736 istius
385 1695 476 1752 genus
503 1682 601 1735 estex
620 1675 710 1750 ipsius
734 1677 896 1751 sapientiae
909 1679 998 1753 stirpe

120 1775 306 1854 'genet-utam.
348 1777 427 1834 Nam
440 1781 471 1833 et
484 1777 521 1834 de
548 1776 659 1833 duobus
686 1775 751 1833 avis
771 1776 835 1850 jam
862 1776 998 1846 diximus,
1085 1813 1089 1834 ι

123 1875 271 1949 Scipione
285 1879 319 1931 et
332 1874 455 1941 Crass03
474 1879 507 1931 et
518 1875 556 1930 de
571 1874 659 1932 tribus
674 1875 800 1948 proavis,
815 1875 853 1946 Q.
868 1875 1001 1942 Metello,

121 1976 211 2048 cujus
226 1977 350 2046 quatuor
362 1971 425 2038 lilii,
445 1971 480 2027 P.
509 1970 658 2042 Scipione,
671 1972 773 2044 quiex
786 1973 936 2028 &minata
950 1973 1001 2031 Ti.

122 2069 266 2135 Gracchi
280 2067 407 2141 privatae
434 2066 465 2125 in
492 2067 654 2126 libertatem
679 2069 886 2142 rempublicam
909 2070 1004 2128 vindi·

123 2170 224 2237 cavit,
250 2167 305 2239 Q„
318 2167 465 2226 Scaevola
485 2183 600 2242 augure,
627 2167 676 2242 qui
699 2166 888 2242 peritissimus
917 2168 1003 2246 juris,

126 2273 265 2342 idemque
278 2265 420 2339 percomis
435 2270 478 2324 est
504 2265 628 2324 habitus.
668 2265 736 2324 ,lam
762 2267 882 2328 duorum
896 2270 1002 2328 abavo·

125 2386 190 2428 rum
204 2382 292 2441 qaam
313 2367 358 2420 est
378 2361 487 2421 illustre
511 2381 627 2433 nomen,
655 2365 689 2422 P.
715 2367 871 2441 Scipionis,
893 2367 1001 2443 quibis

126 2467 231 2526 consul
245 2463 310 2530 tuit,
323 2461 372 2535 qui
393 2467 437 2518 est
453 2462 610 2519 Corculum
623 2464 727 2532 dictus,
741 2465 859 2523 alteriue
872 2466 1002 2526 omnium

39 2541 54 2570 ³
127 2561 348 2638 sapientissimi,
369 2559 405 2616 C·
429 2557 549 2618 Laelii?
569 2561 596 2618 0
617 2579 796 2635 generosam,
816 2562 920 2639 inquit,
938 2565 1003 2622 stir-

130 2680 210 2736 pem,
223 2665 254 2716 et
268 2665 404 2733 tanquam
417 2658 449 2716 in
473 2646 560 2716 unam
582 2659 714 2718 arborem
734 2664 944 2737 plura'genera,
958 2661 1002 2719 sio

132 2762 164 2819 in
178 2759 266 2818 istam
279 2759 397 2816 domum
415 2753 437 2786 ³⁰
447 2757 600 2813 multorom
619 2755 736 2814 insitam
756 2764 841 2833 atque
858 2759 1003 2818 illumina·

162 2915 187 2948 Β
199 2917 220 2959 et
230 2910 325 2970 filictia.
335 2910 424 2982 laudm
438 2909 520 2966 ambas,
534 2909 650 3015 qtmmmfl
667 2909 744 2980 ‚Haec
758 2910 832 2980 omnia
845 2888 868 2958 in
880 2912 1004 2982 'masculina

133 2971 286 3041 mataravult
301 2970 442 3016 Gmlrelmrua
459 2985 472 3015 e
489 2983 508 3014 c.
528 2971 564 3074 lbi.
580 2969 619 3016 red
651 2985 687 3016 uic
697 2971 748 3017 loco
763 2969 1004 3090 filrwmffie

132 3033 1002 3218 ,lliffititfflmm

134 3207 239 3276 similiter
253 3205 351 3273 loquitur
365 3205 516 3274 deneptrbus.
548 3206 599 3276 Nec
612 3220 667 3254 vero
698 3265 703 3277 ⁸
721 3210 804 3276 agitant
819 3221 853 3264 ea,
868 3223 954 3269 quaec.
965 3213 1001 3258 72.
1032 3239 1038 3250 ι

134 3261 678 3385 cassiacum
716 3265 729 3278 ··
753 3279 866 3326 ou
879 3274 1002 3324 m„

165 3401 188 3435 ³⁰
201 3403 325 3448 multorum
342 3400 432 3448 imbom
446 3405 509 3460 atque
517 3402 672 3451 mammam
686 3407 742 3468 raa]
773 3405 1004 3455 lllmniaotaravitio

135 3475 184 3507 rum
199 3475 255 3516 esse,
273 3459 296 3505 in
313 3473 341 3506 eo
358 3459 502 3507 consentiunt.
533 3461 594 3512 Quid
609 3463 779 3522 rum'bendunr,
796 3481 838 3512 non
853 3466 919 3512 facile
935 3465 1002 3512 dicas

136 3519 259 3566 Lambinus
278 3517 402 3577 corrigebat
411 3519 567 3568 illirainalam:
581 3521 642 3584 quod
652 3523 731 3570 durum
744 3523 821 3585 utiquc
829 3529 871 3570 ert„
901 3525 940 3570 Aa
954 3517 1005 3566 illo·

134 3578 195 3622 tomi
209 3576 233 3622 id
243 3591 296 3623 sane
305 3581 330 3623 et
338 3577 413 3624 tlomtai
422 3582 446 3623 et
455 3578 529 3626 arbori
535 3581 652 3642 convenitj
667 3581 746 3630 melior
755 3584 814 3630 torte
823 3580 941 3640 illlam
960 3579 1006 3626 Sed

35 3670 37 3676 .
138 3634 195 3682 nibil
204 3636 308 3692 decerno,
318 3650 360 3682 nec
370 3636 424 3684 mibi
433 3637 480 3699 ipse
489 3637 607 3686 mtisiacio.

184 3731 254 3774 ron.
277 3735 324 3774 ιιι.
573 3724 590 3774 8
