2436 4192
192 365 256 424 234
479 355 527 405 ΑΒ
540 355 751 418 'l'llilllrtilt‘it¹

191 505 217 563 si
226 507 316 562 ullam
329 503 550 579 praetermittas.
592 506 634 563 Al
647 503 673 562 si
685 499 905 577 stipulationum
918 506 970 560 aut
983 501 1065 576 judi·

192 603 302 663 ciorum
316 605 451 662 formulas
461 603 595 678 partiare,
605 621 665 661 uon
677 606 723 660 est
736 601 923 671 vitiosum,in
934 619 966 658 re
980 601 1067 659 infin·

192 701 235 761 ita
247 703 476 777 praetermittere
490 701 608 777 aliquid.
650 701 734 773 Quod
754 699 833 756 idem
856 699 889 757 in
912 697 1065 757 divisione

193 801 331 860 vitiosum
345 805 398 858 est
440 802 610 858 Formarum
634 800 712 858 enim
734 805 829 857 pertus
850 803 896 856 est
918 817 1068 867 numerus,

191 917 268 974 quae
280 899 383 974 unique
403 899 503 974 generi
527 898 733 972 subjiciantur:
753 898 877 971 partium
900 897 1069 954 distributio

194 1015 281 1072 saepe
291 1003 334 1055 est
344 997 495 1066 infinitior,
506 1001 650 1072 tamquam
661 996 787 1054 rivorum
797 991 906 1053 alonte
917 996 1068 1053 deductio.

195 1099 296 1171 ltaque
309 1097 342 1155 in
355 1095 487 1154 oratoriis
505 1096 622 1164 artibus,
636 1094 812 1170 quaestionis
835 1111 947 1168 genere
966 1111 1069 1168 propo-

194 1194 261 1263 sito,
275 1199 343 1269 quot
356 1195 426 1268 ‘ejus
451 1195 558 1252 formae
579 1193 647 1262 sint,
669 1193 850 1267 subjungitur
872 1194 1016 1250 absolute.
1034 1195 1068 1250 at

196 1309 263 1350 uum
273 1294 309 1348 de
322 1293 500 1351 ornamentis
515 1294 667 1350 verborum
680 1291 946 1364 sententiarumque
957 1289 1069 1364 praeei-

196 1389 281 1464 pitur,
294 1408 367 1464 quae
379 1397 521 1448 vocantur
534 1406 660 1455 exspers,
673 1406 731 1446 nou
745 1389 778 1446 fit
790 1389 877 1445 idem.
912 1389 974 1445 Res
988 1389 1068 1446 euim

196 1493 240 1546 est
254 1487 408 1557 infinitior3
428 1494 460 1545 ut
480 1506 520 1545 ex
545 1489 601 1546 hoo
625 1504 737 1562 quoque
759 1485 947 1560 intelligatur,
966 1485 989 1520 ³¹
1000 1487 1071 1562 quid

197 1587 321 1644 velimus
342 1585 418 1644 inter
444 1585 630 1660 partitionem
654 1591 685 1642 et
712 1585 888 1643 divisionem
916 1585 1068 1642 iuteresse.

200 1685 380 1760 Quamquam
394 1685 473 1743 enim
488 1685 629 1742 voeabula
650 1701 738 1758 prope
763 1683 840 1740 idem
863 1683 963 1740 valere
986 1683 1070 1740 vide·

199 1789 300 1841 antur:
330 1791 426 1842 lamen
455 1784 522 1859 qnia
548 1801 593 1841 ree
617 1783 797 1851 differebant,
826 1781 943 1840 uomina
971 1799 1070 1841 rerum

201 1883 308 1941 distare
320 1885 481 1941 voluerunt

240 1981 335 2040 Multa
345 1982 434 2039 etiam
447 1999 488 2039 ex
501 1981 650 2040 notatione
661 1985 818 2039 sumuntur.
849 1981 893 2038 Ea
907 1983 952 2041 est
963 1985 1073 2047 aulem,

198 2095 265 2138 oum
280 2097 317 2138 ex
333 2081 365 2137 vi
378 2080 503 2137 nominis
518 2085 715 2154 argumentum
728 2079 858 2137 elicitur:
880 2097 968 2154 quam
978 2079 1070 2136 Grae·

199 2177 228 2237 oi
241 2195 385 2243 maome
397 2183 514 2245 vorant,
528 2178 556 2242 irl
572 2183 626 2244 est,
640 2179 760 2235 verbum
780 2195 818 2234 ex
840 2178 941 2244 verbo,
966 2177 1070 2234 verilo-

199 2279 314 2354 quium:
335 2291 388 2330 nos
409 2278 506 2329 aulem
531 2273 695 2331 novitatem
716 2275 799 2333 verbi
822 2293 882 2332 non
909 2275 981 2332 satis
1008 2274 1070 2348 apti

199 2374 352 2448 fugientes,
365 2388 455 2444 genus
470 2371 525 2426 hoe
535 2369 714 2430 notationem
722 2375 910 2447 appellamus,
921 2374 991 2448 quia
1004 2377 1072 2430 suut

199 2476 291 2534 verba
317 2487 411 2529 rerum
437 2474 532 2528 notae.
574 2471 675 2545 ltaque
702 2473 759 2530 hoo
786 2473 864 2530 idem
893 2471 1070 2530 Aristoteles

199 2574 309 2639 eupliam
327 2573 464 2646 appellat,
478 2571 553 2645 quod
565 2569 657 2628 latine
678 2575 723 2628 est
746 2575 824 2627 nota.
868 2571 929 2628 Sed
949 2587 1017 2628 oum
1027 2569 1070 2627 in·

200 2671 347 2743 telligitur,
360 2669 428 2744 quid
441 2668 627 2743 significetur,
652 2669 746 2725 minus
767 2670 957 2726 laborandum
975 2674 1020 2725 est
1033 2669 1069 2726 (le

200 2768 327 2827 nomine.
369 2768 464 2826 Multa
477 2767 563 2842 igitur
576 2767 608 2824 in
621 2767 793 2839 disputando
812 2767 964 2824 notatione
990 2766 1069 2824 elici-

200 2874 285 2927 untur
298 2885 337 2926 ex
351 2869 458 2926 verbo:
479 2872 519 2934 ut,
533 2883 599 2925 eum
613 2865 764 2940 quaeritur,
779 2861 989 2921 Postliminium
999 2864 1066 2938 quid

200 2967 238 3024 sit
256 2966 276 2999 ³⁸
286 2965 359 3045 (non
372 2967 449 3034 dieo,
462 2983 535 3041 quae
549 2966 608 3022 sint
621 2962 802 3038 postliminii.
824 2979 893 3020 nam
905 2963 937 3020 id
950 2965 1068 3020 caderet

229 3117 253 3150 ³7
267 3119 322 3178 quid
330 3121 423 3166 uelimus
432 3120 530 3176 interp,
543 3123 586 3164 ete.
628 3117 665 3164 Sic
675 3117 723 3165 Ms.
732 3117 768 3163 ed.
785 3117 842 3164 Ven.
862 3121 931 3174 recte,
950 3119 976 3162 ut
991 3116 1074 3164 dudum

200 3189 381 3237 oorrexeramus5
396 3179 456 3224 male
466 3177 533 3234 vulgo
603 3211 609 3222 .

229 3253 252 3286 θ
265 3255 367 3301 nandino
379 3282 389 3292 ·
409 3282 419 3291 ·
432 3257 528 3314 recipere
543 3256 611 3314 solet]
642 3253 687 3301 ilie
703 3260 763 3304 totus
778 3257 838 3304 lorus
853 3259 888 3302 est
904 3254 927 3302 in
945 3253 1073 3325 parmensi

200 3311 351 3374 arripiendus:
368 3313 474 3360 aliusnon
484 3315 590 3360 oohaeret
600 3311 679 3358 oratio.
713 3315 738 3360 lu
747 3316 796 3362 Mn.
808 3315 919 3376 quaedam
936 3314 973 3359 hrt
990 3313 1071 3359 omissa

199 3376 257 3420 runt.
289 3370 431 3431 Deprehendi
440 3375 530 3440 poterat
540 3371 677 3431 parenthesis
684 3373 770 3422 verbis:
786 3373 829 3420 Seri
837 3387 888 3420 cum
897 3373 968 3429 ipsius
975 3371 1070 3428 portla'ra

200 3431 234 3478 oio
242 3429 366 3499 meritur,
374 3428 396 3474 in
411 3428 490 3490 qubus
499 3428 593 3488 primum
603 3430 641 3475 rai
647 3434 681 3476 est
690 3436 744 3477 nola
808 3432 914 3479 utheoeos
925 3431 1029 3476 clausae:
1041 3430 1079 3474 de·

201 3489 253 3536 inde
263 3493 371 3560 mpetrlur
381 3487 444 3594 lquod
451 3491 504 3556 erat
514 3489 754 3592 antengarentlresina
765 3491 792 3560 iis
806 3490 907 3560 paullum
916 3487 991 3560 verbis
1002 3507 1007 3533 ι
1024 3502 1074 3533 am

198 3546 561 3668 atilli-'Qut
571 3581 615 3653 „oi
625 3610 659 3654 er
669 3549 943 3656 :tlwm
957 3561 993 3598 ”¹
1008 3557 1071 3607 ’ω
