2460 4184
226 315 271 380 Μ
586 303 720 360 BRUTUS.

226 459 409 534 cumulique
435 461 537 516 aculeo
564 465 594 516 et
620 461 696 518 male
722 459 803 516 dicto
822 457 941 516 facetus.
983 455 1095 519 Horum

227 560 317 616 aetati
330 577 417 632 prope
427 559 598 631 conjunctus
612 559 647 616 L.
664 558 776 615 Gellius
790 575 849 615 non
862 563 922 615 tam
936 558 1094 616 vendibilis

227 663 331 725 orator,
345 675 429 731 quam
448 661 480 713 ut
500 657 637 724 nescires,
657 657 725 732 quid
745 657 774 713 ei
793 657 915 714 deesset.
937 670 993 714 neo
1014 659 1096 714 enim

228 761 290 814 erat
303 756 443 822 indoctus,
458 771 513 812 nec
532 756 629 812 tardus
649 755 686 812 ad
706 755 938 828 excogitandum,
959 771 1016 812 nec
1038 755 1096 812 uo-

227 871 375 913 mansrum
386 871 479 910 rerum
492 853 651 920 immernor,
665 857 695 910 et
709 854 806 910 verbis
820 855 927 910 solutus
941 854 1029 922 saties
1042 853 1095 912 seu

227 953 259 1011 in
286 969 405 1026 mugnus
432 957 558 1008 oratores
585 951 727 1008 inciderat
758 951 818 1024 ejus
846 957 941 1008 aetas:
972 953 1096 1008 multans

227 1055 325 1108 tamen
339 1067 456 1124 operam
470 1049 580 1116 amicis,
603 1055 632 1106 et
656 1050 756 1106 utilem
776 1050 920 1122 praebuit;
952 1054 1037 1124 atque
1051 1049 1095 1107 ita

226 1149 276 1206 diu
288 1147 373 1216 vixit,
387 1153 418 1204 nt
438 1151 588 1205 multarum
609 1152 735 1204 aetatum
754 1147 911 1204 oratoribus
931 1147 1095 1220 implicare·

227 1250 281 1310 tur,
293 1235 414 1301 multum
437 1246 525 1302 etiam
540 1245 679 1303 incensis
694 1250 862 1301 versaretur.
903 1244 1013 1302 lisdem
1033 1247 1096 1303 lere

227 1342 402 1414 temporibus
418 1343 456 1399 D.
479 1344 593 1410 Brutus,
612 1343 647 1408 is,
667 1342 715 1415 qui
735 1346 834 1400 consul
855 1361 922 1399 curn
943 1343 1094 1400 Mamerco

226 1439 289 1507 luit,
303 1441 389 1496 bomo
403 1445 432 1497 et
448 1441 570 1497 Graecis
590 1442 692 1497 doctus
708 1441 811 1497 litteris
831 1447 860 1498 et
875 1441 1000 1499 Latinis.
1041 1441 1095 1498 Di·

226 1539 313 1595 cebet
326 1525 415 1594 etium
428 1539 463 1596 1..
480 1537 581 1610 Scipio
597 1555 655 1594 non
668 1537 810 1611 imperite,
825 1539 880 1596 Cn.
895 1555 950 1613 que
971 1539 1092 1613 Pompe·

220 1636 279 1708 jus,
294 1635 364 1693 Sex.
380 1637 415 1693 F.
437 1636 562 1710 aliquem
583 1653 731 1693 numerum
751 1637 909 1693 obtinebat
930 1653 999 1694 num
1020 1639 1091 1694 Sex.

226 1729 314 1790 irater
334 1734 394 1807 ejus
415 1733 692 1808 praestantissimum
710 1733 860 1808 ingenium
880 1737 1041 1792 contulerat
1054 1735 1093 1792 ad

227 1847 367 1889 summam
375 1832 448 1904 juris
462 1831 569 1897 civilis,
590 1833 671 1889 etad
691 1832 847 1905 perlectam
867 1833 1042 1906 geometriae
1062 1838 1095 1890 et

228 1948 321 2016 rerum
336 1929 498 1987 Stoicamm
518 1930 681 1989 scientiam.
720 1929 820 1986 ‘item
840 1929 954 2002 injure,
973 1935 1005 1987 et
1024 1935 1094 1989 unte

226 2027 278 2086 bos
294 2029 336 2086 M.
349 2029 463 2097 Brutus,
472 2035 502 2086 et
515 2031 612 2102 paullo
626 2033 689 2102 post
703 2045 768 2086 eum
782 2029 818 2085 (l.
832 2027 974 2096 Bilienus,
986 2027 1094 2087 'homo

225 2143 278 2198 per
290 2144 322 2182 se
336 2143 465 2199 mugnus,
479 2142 567 2199 prope
580 2126 669 2183 simili
682 2127 793 2184 ratione
808 2143 931 2182 summus
945 2132 1093 2184 evaserat:

225 2220 273 2296 qui
286 2224 387 2276 consul
401 2222 492 2278 lactus
507 2225 591 2289 esset,
606 2221 662 2278 uisi
675 2223 705 2280 ln
720 2225 868 2282 illarianos
879 2228 1093 2294 consulatuset

226 2317 257 2374 in
272 2333 322 2372 eas
336 2318 485 2390 petitionis
499 2320 646 2393 angustias
660 2320 820 2381 incidisset.
862 2324 918 2380 Cn.
930 2327 1026 2381 autem
1038 2325 1096 2383 Oc·

225 2413 297 2473 tavii
310 2415 483 2490 eloquentia,
494 2435 566 2491 quae
578 2417 670 2475 luerat
682 2425 749 2476 ante
763 2423 943 2478 consulatum
951 2421 1093 2495 ignorate,

225 2511 257 2569 in
271 2516 422 2570 consulatu
443 2515 540 2572 multis
560 2517 750 2574 concionibus
764 2524 809 2575 est
827 2521 1018 2577 vehementer
1030 2537 1092 2594 pro·

225 2611 302 2668 bata.
345 2612 402 2668 Sed
417 2614 454 2669 ab
476 2613 527 2680 eis,
538 2615 587 2688 qui
600 2619 712 2672 tantum
731 2615 761 2672 in
780 2617 939 2675 dicentium
963 2635 1092 2688 numero,

224 2725 284 2766 non
300 2709 330 2767 iu
345 2715 487 2768 oratorum
501 2712 622 2781 luerunt,
639 2714 702 2786 jam
716 2715 752 2771 ad
766 2721 891 2772 oratores
905 2721 1091 2776 revertamur.

225 2809 351 2878 (lenseo,
365 2809 458 2884 inquit
470 2811 596 2869 Atticus.
606 2815 773 2886 eloquentes
785 2813 864 2870 enim
875 2813 1021 2883 videbare,
1032 2833 1091 2874 non

225 2909 339 2964 sedulos
354 2911 431 2965 velle
445 2909 621 2983 conquirere.

172 3004 213 3064 lu
266 3005 443 3061 Festivitate
458 3005 551 3079 igitur,
565 3013 594 3063 et
606 3008 727 3074 lucetiis,
741 3007 865 3082 inquam,
886 3009 921 3066 (l.
936 3011 1041 3080 Julius,
1055 3012 1090 3070 1.

225 3097 262 3158 F.
272 3106 301 3156 et
310 3101 500 3172 superioribus
512 3108 541 3158 et
550 3105 715 3178 aequalibus
724 3107 782 3164 suis
793 3107 925 3165 omnibus
939 3109 1092 3182 praestitit,

224 3201 372 3272 oraturque
387 3198 440 3255 luit
454 3172 572 3257 mdrime
584 3203 634 3258 ille
645 3203 760 3278 quidem
770 3206 936 3274 vehemens,
945 3209 997 3263 sed
1006 3223 1092 3265 nemo

254 3346 327 3393 ⁸Itcm
333 3348 360 3394 ia
365 3347 444 3418 isere]¹
450 3351 475 3396 ln
481 3352 516 3396 ed.
525 3351 589 3398 Med.
599 3351 658 3400 inter
665 3355 717 3402 ium
724 3362 748 3404 et
753 3358 840 3416 injure
848 3363 882 3405 est
889 3337 984 3421 spatium
989 3376 1091 3420 vacuum,

224 3409 329 3467 tanquam
339 3407 431 3454 lacunae
438 3409 547 3456 rndicimn.

254 3483 333 3530 stoma
338 3498 379 3542 per
387 3495 409 3531 sc
418 3488 530 3547 ungam]
546 3487 606 3540 uuio
615 3494 649 3536 est
657 3491 717 3538 bonu
725 3508 765 3549 pes·
773 3509 794 3540 se
803 3509 904 3552 augam.
930 3496 1043 3544 Corradus
1057 3511 1092 3544 re-

225 3544 332 3613 spondet:
344 3559 383 3590 sua
392 3545 534 3614 virtuteaetsi
544 3548 615 3594 canuit
624 3551 748 3599 consulatus
758 3553 884 3611 honoribus,
893 3559 936 3602 ele.
952 3555 1036 3604 Audio.
1048 3558 1098 3606 sel

225 3610 269 3650 lton
278 3603 391 3661 ssudseit,
402 3604 443 3651 lroc
453 3605 541 3666 qudem
550 3606 573 3652 in
583 3606 641 3657 loco.
742 3631 759 3656 ι’
1080 3617 1084 3626 ’
