2460 4184
225 321 267 380 ω
503 389 514 398 α
592 307 742 364 esurus:

224 459 321 520 multis
343 461 529 520 verniacum
550 463 737 522 inveberetur
758 462 791 520 in
813 461 970 522 Gaesarem
995 463 1097 534 Ouric,
1214 533 1215 546 ἢ

223 560 437 636 disputatioque
450 571 527 619 esset
540 561 617 618 inter
629 579 690 630 eoa,
703 566 736 618 ut
755 567 802 620 eet
815 563 997 620 cousuetudo
1010 562 1101 622 dialo-
1214 617 1215 620 ,

224 676 333 734 gerum,
362 677 428 720 cum
454 677 549 718 sermo
582 666 659 718 earet
693 659 842 718 institutus
868 666 972 719 senatu
996 662 1099 730 miam,
1214 683 1215 708 t

226 753 323 836 [quem
336 763 469 816 senatum
483 758 593 816 Caesar
605 761 709 816 conoul
722 757 894 836 habuisset,]
908 759 1098 834 reprehendit

224 873 274 914 eas
288 875 342 925 res,
353 875 423 932 quas
436 857 515 916 idem
529 859 639 917 Caesar
650 875 729 916 anno
743 863 818 931 post,
831 864 862 916 et
875 859 1016 932 deinceps
1030 859 1098 916 reli·

173 966 210 1023 61
225 955 288 1031 qnia
301 956 387 1014 annis
398 957 661 1016 administravisset
682 957 713 1014 in
734 957 843 1016 Gallia.
886 959 966 1015 Tum
988 957 1100 1014 Brutus

225 1055 383 1124 admirans,
409 1057 578 1114 'l'cntnmne
601 1057 688 1116 luisse
715 1055 904 1124 oblivionem,
931 1055 1036 1130 inquit,
1064 1055 1098 1112 in

225 1155 334 1228 scripto
346 1156 523 1228 praesertim,
537 1160 568 1213 ut
580 1173 620 1212 ne
632 1157 733 1229 legens
753 1154 872 1228 quidem
883 1172 1017 1229 umquam
1031 1171 1097 1212 aen·

225 1253 305 1319 serit,
331 1257 469 1327 quantum
495 1254 599 1328 flagilii
625 1251 839 1312 commisisset?
882 1253 961 1326 Quid
987 1253 1098 1321 autem,

226 1350 351 1425 iuquam,
366 1352 465 1420 Brute,
486 1353 612 1420 stultius,
629 1371 724 1427 quam,
738 1353 765 1410 ai
780 1371 818 1410 ea
837 1352 1001 1426 vituperare
1016 1355 1100 1430 vole·

225 1452 370 1524 bat‚quae
384 1451 572 1524 vituperavit,
592 1469 651 1510 non
673 1469 709 1508 eo
722 1457 851 1525 tempore
871 1451 1023 1510 instituere
1036 1469 1098 1508 aer·

224 1565 351 1616 monem,
364 1566 431 1607 cum
452 1550 566 1608 illarum
587 1545 683 1609 rerum
699 1551 763 1623 jam
787 1556 917 1624 tempora
934 1549 1100 1624 praeteriis-

226 1645 312 1706 sent?
334 1649 393 1706 Sed
408 1649 450 1706 ita
464 1655 542 1706 totns
554 1655 641 1728 errat,
652 1656 684 1708 ut
698 1649 730 1706 ia
744 1651 852 1706 eodem¹
861 1667 993 1706 sermone
1007 1650 1101 1717 dicat,

225 1743 284 1803 36ἰῐι
298 1754 400 1804 senatu
414 1766 455 1816 ae,
470 1748 596 1806 Caesare
617 1751 746 1816 consule,
760 1765 820 1806 non
834 1749 985 1816 accedere,
1000 1749 1052 1806 sed
1065 1748 1099 1805 id

226 1845 305 1904 dicat
326 1846 389 1920 ipso
413 1850 542 1915 consule,
566 1847 669 1904 exiens
691 1852 836 1904 coenatu.
878 1848 946 1904 Janr
967 1847 1018 1922 qui
1040 1847 1099 1906 hoo

227 1950 307 2018 perte
318 1945 418 2014 animi,
428 1963 501 2022 quae
512 1951 608 2004 custos
617 1951 660 2004 est
672 1951 831 2003 ceterarum
839 1945 950 2020 ingenii
961 1945 1100 2018 partium,

227 2053 286 2109 tarn
300 2048 405 2107 debilia
418 2052 505 2115 esset,
519 2053 550 2104 ut
563 2065 601 2114 ne
615 2047 765 2120 inscripto
778 2046 893 2122 quidem
906 2045 1098 2113 meminisset,

227 2145 295 2219 quid
315 2147 413 2217 paullo
426 2151 494 2202 ante
516 2145 667 2216 posuisset,
688 2145 766 2212 huic,
780 2143 898 2202 minime
917 2143 1021 2200 mirum
1042 2149 1098 2212 eet,

227 2257 266 2296 ex
280 2245 409 2312 tempore
422 2241 534 2297 dicenti
547 2241 663 2298 solitam
683 2243 800 2298 effluere
814 2247 952 2300 mentem.
993 2242 1098 2316 ltaque

227 2353 293 2394 cum
306 2336 336 2392 ei
349 2353 405 2394 nec
420 2337 547 2395 officium
560 2339 685 2406 deesset,
698 2343 729 2396 et
742 2340 874 2414 flagraret
888 2340 986 2396 studio
996 2341 1098 2398 dicen·
1212 2337 1213 2340 ’

227 2435 267 2503 di,
282 2453 445 2509 perpaucae
467 2437 592 2495 adeum
616 2453 722 2496 causae
742 2439 953 2496 deserebantur.
994 2439 1107 2526 OratorJ

227 2539 333 2602 autem,
346 2533 425 2591 vivia
440 2535 502 2608 ejus
515 2535 691 2610 aequalibus,
706 2537 853 2609 proximus
867 2536 984 2610 optimis
997 2543 1098 2597 namt·

226 2634 350 2700 rebatur,
363 2637 479 2707 propter
498 2636 651 2691 verborum
669 2635 839 2704 honitatem,
853 2640 966 2704 utante
979 2636 1054 2702 dixi,
1068 2640 1101 2693 et

226 2719 392 2806 expeditam
406 2749 441 2790 ac
458 2733 647 2805 profluentem
668 2736 878 2809 quodammodo
901 2735 1096 2793 celeritatem.

225 2832 327 2907 ltaque
341 2831 402 2906 ejus
413 2831 559 2890 orationes
569 2832 770 2906 adspiciendas
782 2838 880 2890 tamen
890 2849 1007 2890 censeo.
1028 2837 1097 2890 sunt

224 2929 292 2987 illae
304 2931 420 3006 quidem
433 2931 637 3005 languidiores,
651 2938 842 2990 veruntamen
855 2937 975 3004 possunt
989 2949 1097 3005 augere

225 3034 254 3085 et
268 3031 349 3103 quasi
362 3033 440 3086 alere
451 3031 481 3086 id
497 3033 612 3097 bonum,
624 3033 699 3106 quod
708 3031 738 3088 in
750 3030 802 3090 illo
812 3031 998 3088 mediocriter
1008 3030 1099 3087 luisse

223 3116 428 3183 concedimus:
450 3130 525 3204 quod
544 3129 633 3187 habet
653 3137 764 3192 tantam
784 3131 855 3198 vim,
869 3135 901 3187 ut
914 3133 1017 3196 solum,
1030 3129 1095 3186 eine

223 3222 298 3290 aliis,
312 3223 344 3280 in
363 3224 491 3282 Curione
515 3227 644 3299 speciem
666 3229 789 3286 oratorie
808 3228 930 3304 alicujus
953 3227 1096 3287 effecerit.

226 3322 286 3379 Sed
299 3322 482 3380 adinstituta
495 3325 655 3381 redeamus.
1097 3335 1101 3342 '

253 3476 275 3509 ³⁵
288 3475 316 3522 in
330 3479 407 3522 sendo
416 3489 437 3522 ac
447 3475 473 3522 0.
486 3491 503 3522 c.
515 3491 560 3523 non
569 3477 676 3535 occemre,
692 3481 730 3526 aed
738 3482 765 3528 id
779 3483 813 3542 d]
844 3481 943 3529 Primum
961 3483 1009 3530 sine
1025 3483 1095 3532 dubio

222 3535 361 3585 scribendum
370 3535 397 3582 in
410 3539 517 3582 renatum.
548 3537 602 3584 Post
611 3541 634 3584 et
643 3543 699 3598 puto
713 3545 732 3586 cl
747 3556 788 3604 pro
799 3541 836 3588 aed
855 3541 986 3602 legendum:
1001 3549 1096 3606 propter

224 3595 292 3641 verba
301 3595 327 3646 in
337 3594 408 3642 odem
417 3608 523 3643 menone.
