2436 4192
505 329 654 382 aaaron.
950 339 1012 398 ηρ

133 481 229 556 prima
255 481 365 549 littera,
389 479 508 540 iarum
534 482 695 555 producta:
723 477 894 538 muscam
919 481 1013 550 brari,

136 577 240 658 irsciix.
249 583 357 654 longa:
378 584 417 648 ct,
430 597 468 638 ne
481 579 590 647 multis,
603 579 706 654 quibus
719 578 751 636 iu
766 577 865 636 verbis
885 593 938 634 eae
959 579 1013 650 pri·

137 695 206 738 mae
219 679 334 738 litterae
348 684 424 747 sunt
438 695 511 754 quae
524 676 698 755 insapientc,
712 673 900 754 atquesciicc,
919 673 1014 750 ³“pro-

139 777 229 836 ducte
242 777 366 846 (licitum
387 778 419 836 iu
432 777 538 835 ceteris
559 777 702 844 omnibus,
726 775 864 834 breviter.
885 775 1015 851 itemque

138 873 299 952 mrapcarrit,
319 873 466 944 marcenii,
486 873 651 952 correspicit
675 873 813 953 conjecit.-
830 876 953 934 consule
966 891 1016 930 va-

138 973 267 1042 ritatem,
292 975 485 1048 reprehendet
498 974 508 1032 i
541 975 616 1032 reier
652 975 690 1032 ad
724 975 817 1041 aures,
843 975 1014 1047 probabunt.

139 1073 256 1147 quaere
282 1071 356 1132 curi
375 1073 419 1130 ita
439 1091 471 1130 ae
498 1073 600 1130 dicent
619 1072 730 1144 iuvari.
749 1073 895 1144 votupuni
917 1075 1015 1130 auiam

137 1171 254 1230 aurium
267 1170 436 1246 morigerari
448 1171 538 1228 debat
549 1169 651 1228 oratio.
692 1169 772 1243 Quin
786 1187 842 1244 ego
861 1169 934 1244 ipse,
946 1185 1013 1228 cum

140 1269 247 1328 semem
260 1269 304 1328 ita
317 1268 442 1342 mqj0ms
455 1270 566 1326 locutos
580 1285 653 1337 esse,
673 1274 706 1327 ut
727 1285 878 1344 nusquam,
899 1267 958 1326 nisi
981 1269 1013 1326 in

141 1369 251 1435 vocali,
262 1367 457 1442 adspiratione
471 1373 627 1436 uterentur,
637 1370 775 1444 loquebar
784 1367 836 1436 sic,
848 1372 881 1425 ut
887 1365 1012 1444 pulcros,
1064 1387 1066 1390 ·

141 1461 271 1538 Cetcgcs,
297 1464 441 1542 triarrcpoc,
467 1465 656 1542 Kartaginem
680 1467 827 1526 dicerem:
847 1465 1012 1541 aliqnando,

139 1562 229 1636 idque
242 1579 316 1630 sero,
329 1563 468 1622 convicio
478 1565 588 1624 aurium
598 1582 666 1623 cum
678 1570 793 1622 extorta
807 1565 880 1622 mibi
900 1565 1010 1623 veritas

137 1667 229 1730 esset,
241 1679 325 1721 usum
338 1662 476 1738 loquendi
487 1667 594 1738 populo
607 1664 751 1731 concessi,
764 1661 920 1720 scientiam
939 1662 1012 1720 mihi

135 1761 300 1822 ‹reservavt
339 1759 361 1794 ³²
371 1759 500 1820 Orcivios
513 1766 622 1829 tamen,
632 1767 663 1818 et
671 1760 811 1828 Mutuus,
820 1758 934 1828 Otuoec,
943 1759 1012 1818 Gue-
1025 1771 1031 1776 ·

133 1859 241 1936 piures,
254 1858 392 1936 septima,
416 1877 543 1927 cocorrce,
557 1857 700 1936 lampenas
717 1859 852 1927 dicimus,
873 1859 941 1933 qnia
960 1875 1012 1932 par

138 1959 251 2016 aurium
272 1957 418 2028 ,iudicium
445 1973 559 2029 semper
585 1957 664 2014 licet.
714 1954 874 2012 bremon
900 1971 1013 2030 semper

137 2055 264 2125 Ennius,
275 2071 430 2128 numquam
444 2051 599 2130 quriaua.
641 2051 681 2108 Vi
688 2051 876 2131 pntq‘eccm
888 2051 1011 2130 Bratgca,

86 2175 91 2192 ⁶
138 2171 198 2222 non
212 2150 355 2230 Phryges,
369 2152 459 2226 ipsius
473 2151 585 2227 antiqui
601 2153 752 2210 declarant
765 2152 841 2210 iibri.
862 2170 918 2214 uec
932 2153 1011 2212 enim

138 2269 273 2326 maccam
297 2251 423 2312 litteram
447 2250 643 2310 adhibebant:
664 2249 776 2309 ³³nrum
800 2256 898 2310 autem
921 2253 1011 2312 etiam

140 2353 231 2409 duas:
253 2355 283 2408 ct
296 2367 363 2408 cnm
377 2347 537 2428 Phrygum,
551 2354 581 2407 et
594 2367 662 2408 cum
675 2347 1010 2427 Pbrygibmdiccndum

139 2453 228 2516 essct,
252 2450 407 2506 absurdum
430 2453 493 2504 erat
519 2455 569 2506 aut
595 2453 707 2505 tautum
726 2446 882 2505 ³⁷barbaria
895 2449 1011 2506 casibus
1057 2435 1062 2442 ’

139 2564 277 2622 graecam
302 2545 428 2606 litteram
455 2543 602 2613 adhibere,
628 2548 678 2600 aut
704 2549 784 2602 rectu
810 2562 881 2604 casu
918 2549 1011 2605 sotum

138 2661 248 2722 graece
262 2643 350 2719 loqui,
364 2648 461 2700 tamen
474 2649 505 2699 et
518 2639 650 2718 Phryges
679 2647 710 2700 et
732 2642 878 2720 Pyrrhum
901 2647 1011 2705 aurium

140 2761 231 2802 causa
255 2741 389 2800 dicimus.
431 2739 609 2812 Quinetiam,
636 2741 712 2814 qnod
731 2741 797 2814 jam
823 2744 1012 2802 subrusticum

136 2843 267 2912 uidetur,
281 2842 352 2900 otim
366 2845 464 2898 autem
476 2838 604 2914 politius,
613 2855 712 2896 eorum
725 2841 885 2910 verborum,
894 2853 1012 2916 quorum

136 3031 139 3038 .
168 2997 191 3032 33
204 2996 413 3057 productcdicitcr]
429 2994 469 3042 int.
486 2994 555 3042 iitera
574 2992 656 3056 prima.
671 3017 682 3028 ·
701 3020 711 3030 -
726 2994 825 3056 itemque
839 2997 954 3054 capam
969 2997 1009 3046 int

77 3113 81 3124 Ι
140 3054 250 3124 incnmp.
282 3055 314 3102 Et
323 3055 453 3110 notandum,
461 3053 594 3100 Ciceronem
608 3052 705 3113 posuisse
714 3053 760 3100 duo
775 3054 840 3124 paria
855 3055 1013 3116 verborumiu

141 3113 222 3175 quibus
231 3113 327 3160 alterum
337 3114 435 3169 brevem,
446 3113 642 3171 alterumiongam
651 3112 745 3160 baberet
753 3127 847 3174 primaru
856 3115 972 3173 syllabam.

171 3192 194 3224 ³⁴
209 3191 329 3252 musas]
360 3193 424 3248 Sum,
434 3190 595 3252 utopinanbu,
611 3190 709 3249 Ordnii,
726 3191 763 3252 qui
780 3198 804 3238 et
818 3192 930 3254 Orciiaii,
947 3201 973 3244 ut
989 3197 1013 3246 iu

142 3251 183 3298 Or.
196 3265 238 3312 pro
245 3251 335 3298 (liunt.
346 3249 394 3298 Ma.
405 3248 454 3296 vit.
465 3249 574 3298 oscam.
586 3249 631 3296 Ed.
641 3249 699 3297 ven.
715 3250 818 3298 Orcivios.

168 3329 191 3362 ³⁵
209 3329 333 3390 Pura-arra]
365 3327 461 3375 iicdedi
469 3341 496 3373 ex
505 3327 541 3374 ed.
552 3328 610 3376 Ven.
621 3343 663 3390 pro
672 3329 731 3389 vulg.
743 3328 855 3379 Burrum

173 3407 196 3440 33
211 3423 274 3456 nunc
284 3411 358 3455 cribra
367 3405 433 3466 duca]
448 3404 489 3452 int.
501 3403 547 3463 pat
555 3421 576 3453 v.
905 3405 908 3411 '

169 3488 195 3526 -33
211 3489 312 3536 barbaris
332 3487 436 3549 omibus]
474 3487 622 3546 rusticani,
642 3489 680 3551 qui
698 3491 758 3594 apud
778 3489 877 3538 (irascar
895 3503 940 3536 nou
956 3493 1013 3544 suut.

140 3547 231 3608 Nmpe
241 3546 388 3594 nominativus
405 3547 428 3592 in
444 3545 546 3606 Phryges
555 3552 579 3594 et
588 3563 678 3607 graecus
687 3553 711 3594 et
729 3549 803 3596 atium
812 3553 859 3594 rat:
875 3547 984 3605 genitivus
991 3553 1017 3596 et

141 3605 232 3653 dativus
241 3620 286 3652 nou
295 3605 350 3652 item
358 3625 363 3651 r
379 3605 447 3656 aliter
456 3607 516 3654 enim
523 3619 561 3654 eos
570 3621 631 3654 casus
640 3605 718 3654 finiunt
725 3604 815 3664 Graeci,
825 3606 892 3652 aliter
900 3604 984 3658 lauat

181 3703 254 3746 rou.
274 3700 323 3745 su.
554 3689 589 3742 17
600 3684 618 3720 3
