2474 4188
218 307 238 364 8
572 307 707 358 BRUTUB.

214 449 371 510 mnodum
411 451 574 513 salutariter
602 459 758 524 uterentur,
792 471 852 514 nou
876 451 1088 534 'reperiebant

216 547 318 623 ltaque
341 549 364 607 il
387 551 459 609 mibi
479 552 614 610 videntur
633 553 776 610 fortunate
796 555 937 629 beateque
959 553 1090 632 vixisse,

213 662 281 705 ¹sum
300 648 334 706 iu
353 650 460 718 ceteris
480 649 659 718 civitatibus,
682 656 741 708 tum
766 651 892 708 maxime
913 653 944 708 in
973 655 1091 716 nostra,

213 745 314 822 quibus
340 764 407 804 cum
430 747 612 816 auctoritate,
637 767 785 824 rerumque
807 756 950 823 gestamm
977 747 1090 822 gloria,

211 849 274 904 tum
301 845 389 904 etiam
415 846 579 922 sapientiae·
595 847 680 904 laude
707 847 814 921 pertrui
839 848 930 906 licuit.
957 860 1088 920 quosaam

212 944 359 1013 memorie,
369 950 400 1003 et
412 945 574 1005 recordatio
584 946 615 1004 in
624 945 759 1008 maximis
769 945 873 1003 naaria
888 943 1090 1019 gravissimis-

212 1060 268 1118 que
287 1043 363 1101 curis
377 1043 509 1118 jucrmdc
532 1062 602 1102 sane
622 1043 687 1112 tuit,
707 1061 775 1101 cum
797 1043 829 1102 iu
852 1061 917 1102 earn
934 1061 1029 1116 nuper
1044 1055 1087 1116 etp

209 1159 345 1200 sermone
358 1145 480 1218 quodam
494 1143 706 1202 incidissemus.
1074 1195 1078 1202 .

181 1247 219 1304 3·
251 1243 410 1300 Nemeum
429 1241 638 1300 inambularem
657 1243 688 1300 in
702 1247 800 1316 xysto,
818 1247 848 1299 et
861 1258 955 1298 essem
967 1238 1086 1296 ebosus

211 1340 308 1411 domi,L
323 1339 366 1397 M.
390 1341 427 1397 ad
450 1358 497 1398 me
519 1342 636 1408 Brutus,
661 1345 694 1397 ut
718 1345 918 1408 consueverat,
938 1355 1009 1395 cum
1039 1338 1084 1398 T.

211 1437 374 1511 Pomponio
393 1443 525 1506 veneral,
545 1439 678 1496 homines
696 1455 764 1512 cum
777 1439 853 1496 inter
866 1457 897 1496 ee
918 1435 1085 1512 conjuncti.

211 1542 271 1594 tum
285 1536 357 1594 mihi
370 1536 413 1594 ita
425 1537 496 1605 cari,
514 1537 614 1612 itaque
627 1537 762 1611 jucundi,
781 1542 813 1595 ul
825 1554 924 1596 eorum
937 1539 1084 1610 adspectu

209 1633 313 1706 omnis,
333 1650 405 1708 quae
426 1638 614 1710 meangebat
627 1637 664 1693 de
678 1636 835 1710 republica,
848 1653 918 1700 cura
938 1636 1084 1692 consede·

209 1733 255 1790 rit.
298 1733 391 1804 ¹(Quos
417 1739 568 1808 postquam
594 1735 730 1803 salutavi,
756 1734 824 1808 quid
852 1752 915 1802 vos,
948 1733 1083 1810 inquam,

209 1831 299 1890 Brute
323 1836 354 1889 et
378 1831 492 1899 Attice,
514 1829 613 1890 nunc?
636 1833 705 1907 quid
730 1834 849 1896 tandem
869 1829 964 1890 novi?
990 1831 1082 1897 Nihil

208 1947 289 1998 sane,
302 1913 397 2006 inquit
410 1931 525 1999 Brutus,
545 1931 620 2006 quod
634 1932 751 2005 quidem
765 1935 814 1988 aut
828 1936 859 1989 lu
877 1930 975 1988 audire
990 1930 1080 1998 velie,

207 2033 258 2086 aut
270 2046 327 2104 ege
338 2047 390 2104 pro
403 2034 484 2110 certe
497 2029 596 2089 dicere
609 2031 741 2089 audeam.
784 2029 864 2088 Tum
878 2029 1006 2096 Atticus,
1020 2028 1084 2096 Ec,

196 2127 309 2200 inquit,
330 2130 368 2184 ad
382 2134 411 2184 le
431 2128 530 2184 animo
552 2128 694 2192 venimus,
716 2132 748 2183 ut
766 2129 803 2183 dc
824 2127 973 2197 republica
995 2131 1079 2202 esset

207 2223 364 2290 silentium,
377 2229 407 2274 et
420 2222 537 2289 aliquid.
548 2221 710 2278 audiremus
724 2221 817 2290 potius
831 2239 869 2274 ex
883 2226 922 2284 te,
941 2237 1027 2294 quam
1041 2227 1075 2278 te
1093 2229 1096 2233 '

206 2317 384 2380 afficeremus
402 2315 461 2371 ulla
475 2313 617 2371 molestia.
651 2314 715 2369 Vos
729 2331 809 2382 vero,
819 2314 945 2390 inquam,
960 2317 1079 2389 Attice,

205 2421 238 2474 et
254 2418 444 2488 praesentem
463 2429 511 2469 me
537 2429 606 2470 cura
629 2411 744 2481 levatis,
771 2418 802 2470 et
828 2415 942 2471 absenti
965 2433 1074 2490 magna

204 2511 309 2571 solatia
322 2511 452 2568 dedistis.
468 2528 536 2568 nam
548 2511 652 2568 vestris
666 2511 789 2584 primum
798 2512 903 2570 litteris
917 2520 1076 2586 recreatae,

204 2629 252 2670 me
279 2613 317 2668 ad
337 2611 460 2685 pristina
486 2609 581 2667 studia
606 2611 772 2668 revocavi·
798 2612 877 2669 Tum
900 2612 962 2682 ille,
987 2614 1074 2688 Legi,

203 2709 308 2785 inquit,
336 2710 521 2784 perlubenter
547 2709 709 2782 epistolam,
732 2727 818 2785 quam
844 2713 881 2768 ad
908 2716 938 2768 te
964 2713 1072 2770 Brutus

204 2809 285 2868 miait
297 2827 337 2867 ex
353 2809 436 2877 Asia,
456 2827 512 2884 qua
525 2808 597 2866 mihi
617 2809 697 2866 visua
717 2814 806 2867 estet
826 2826 943 2866 monere
965 2813 994 2867 le
1008 2829 1072 2884 pru·

203 2911 315 2984 denter,
331 2914 362 2966 et
379 2908 523 2967 consolari
537 2907 721 2965 amicissime.
763 2908 866 2974 Recte,
879 2907 1006 2982 inquam,
1026 2915 1071 2968 est

203 3006 293 3066 visus.
314 3024 382 3064 nam
396 3025 442 3063 me
456 3007 521 3062 istis
533 3005 608 3062 scito
625 3005 738 3071 litteris,
758 3021 796 3060 ex
810 3004 943 3062 diuturna
963 3012 1071 3080 pertur-

202 3104 321 3164 batione
341 3103 428 3161 totius
449 3101 618 3160 valitudinis
638 3106 775 3176 tanquam
795 3103 833 3158 ad
851 3103 1069 3176 adspiciendam

202 3206 298 3261 lucem
318 3219 381 3258 esse
403 3205 581 3257 revocatum.
623 3200 721 3273 Atque
741 3204 781 3266 ut,
803 3205 867 3272 post
881 3203 1070 3264 Cannensem

201 3303 283 3366 illam
296 3298 502 3366 calamitatem,
522 3297 644 3370 primum
660 3297 795 3356 Marcelli
811 3299 848 3354 ad
862 3300 969 3358 Nolam
989 3319 1070 3375 prce·

202 3399 243 3460 lic
262 3399 382 3472 populus
403 3413 434 3452 se
455 3397 602 3452 Romanus
619 3396 722 3464 erexit,
742 3401 898 3471 posteaque
917 3416 1070 3473 prosperae

202 3515 248 3557 res
261 3496 400 3574 deinceps
413 3497 522 3556 multae
536 3501 710 3560 consecutae
724 3501 812 3554 aunt:
832 3495 874 3554 sie
888 3503 954 3572 post
974 3515 1068 3558 rerum
