2474 4188
245 353 290 414 ρο
612 343 747 397 BRUltta
810 295 812 302 Ι

246 499 298 552 ant
311 495 386 570 quod
403 495 501 552 lumen
523 495 705 570 eloquentiae
726 511 786 552 non
807 491 937 553 habent?
957 493 1110 554 Amatores

247 593 316 650 huic
330 595 443 661 desunt,
457 593 543 651 sicuti
556 593 653 650 multis
660 595 725 667 jam
735 597 803 652 ante
814 593 938 652 saeculis
949 599 980 650 et
990 593 1113 651 Philisto

248 691 415 772 Syracusio,
429 697 458 748 et
472 691 528 764 ipsi
543 690 724 766 Thucydidi.
766 693 844 749 Nam
858 697 890 750 ut
904 693 1005 749 borum
1016 691 1113 750 conci·

245 789 287 846 sis
301 789 463 857 sententiis,
477 773 621 847 interdum
631 791 720 848 etiam
734 791 876 848 nonsatis
891 775 999 864 apertis
1019 787 1113 847 ³3cum

245 888 399 956 brevitate,
421 893 481 946 tum
509 889 599 948 nimio
622 889 766 958 acumine,
790 889 880 947 officit
905 889 1113 962 Theopompus

245 985 374 1042 elatione
393 991 480 1062 atque
500 987 654 1044 altitudine
673 987 811 1070 orationis
833 1005 918 1045 suae:
939 987 1017 1062 qudd
1037 986 1115 1042 idem

246 1083 357 1157 Lysiae
367 1083 597 1154 Demosthenem
618 1086 792 1144 sio'Cntonis
804 1085 960 1144 luminibus
970 1083 1116 1143 obstruxit

246 1182 320 1238 haec
331 1185 521 1254 posteriorum
534 1183 614 1258 quasi
625 1191 799 1260 exaggerata
812 1184 898 1242 ultius
908 1183 1012 1242 oratio.
1047 1183 1115 1241 vSed

244 1278 321 1336 etin
335 1281 440 1338 nostris
454 1281 573 1338 inscitia
594 1288 647 1350 est,
661 1285 736 1356 quod
750 1283 771 1340 ii
794 1283 859 1356 ipsi,
873 1283 922 1358 qul
941 1282 973 1340 in
990 1277 1115 1342 Graecis

244 1376 418 1451 antiquitate
438 1381 628 1448 delectantur,
642 1398 733 1455 eaque
753 1369 921 1450 subtilitate,
935 1399 1023 1456 quam
1039 1379 1115 1439 Atti·

243 1489 312 1530 cam
325 1479 482 1549 appellant,
503 1479 579 1535 hanc
602 1478 633 1535 in
649 1479 762 1537 (latone
781 1478 867 1538 ³⁴nou
889 1485 1038 1537 noverunt
1057 1477 1115 1554 qui

243 1574 327 1630 dem:
350 1575 518 1648 Hyperidae
532 1578 636 1634 volunt
649 1595 712 1634 esse
727 1579 887 1652 etLysiae.
929 1580 1043 1646 Laudo.
1064 1577 1114 1634 sed

243 1689 297 1728 eur
307 1674 408 1730 uolunt
420 1673 564 1733 Catonis?
585 1677 688 1734 Attico
698 1693 804 1764 genere
816 1677 935 1734 dicendi
945 1696 976 1734 se
987 1677 1114 1752 gaudere

238 1769 355 1828 dicunt.
398 1772 552 1846 Sapienter
568 1773 598 1830 id
613 1775 738 1848 quidem.
781 1777 879 1852 Atque
893 1776 1006 1835 utinam
1020 1775 1114 1834 imita·

243 1875 350 1939 rentur,
368 1867 454 1928 ”uec
467 1889 533 1928 ossa
546 1875 648 1941 solum,
662 1875 714 1930 sed
733 1874 822 1932 etiam
842 1875 1031 1950 sanguinem!
1052 1889 1114 1950 gra·

243 1973 305 2027 tum
326 1973 372 2028 est
392 1975 500 2039 tamen,
514 1973 590 2046 quod
607 1975 720 2030 volunt.
763 1973 823 2032 Cur
846 1974 933 2050 igitur
954 1975 1062 2048 Lysias
1085 1975 1115 2028 et
1147 2033 1153 2045 ι

245 2068 411 2142 Hyperides
425 2075 545 2135 amatur,
557 2087 625 2124 curn
639 2071 753 2140 penitus
772 2069 920 2140 ignoretur
932 2069 1031 2126 Ouio?
1052 2073 1114 2126 An·
1214 2077 1215 2102 ³

244 2166 350 2240 tiquior
362 2171 407 2222 est
420 2167 504 2238 hujus
519 2183 621 2233 sermo,
635 2170 665 2222 et
679 2167 819 2239 quaedam
832 2161 990 2222 horridiora
1003 2168 1112 2224 verba:
1214 2171 1215 2260 l

243 2263 287 2324 its
299 2264 378 2320 euim
392 2268 453 2320 tum
466 2265 665 2338 loquebantur.
685 2264 717 2320 id
730 2269 818 2331 muta,
828 2264 903 2338 quod
912 2267 975 2320 tum
988 2263 1041 2322 ille
1052 2283 1114 2323 non

244 2360 346 2436 potuit,
360 2365 391 2418 et
404 2362 478 2418 adde
499 2379 649 2420 numeros:
670 2361 729 2420 ³⁶et
750 2360 843 2436 aptior
864 2362 902 2420 sit
918 2363 1026 2420 oratio:
1049 2366 1114 2439 ipsa
1214 2367 1215 2410 l

244 2461 335 2518 verbo
348 2477 499 2534 compone,
514 2465 543 2518 et
557 2461 638 2536 quasi
659 2467 840 2544 coagmenta,
854 2463 929 2536 quod
949 2479 987 2520 ne
1003 2463 1114 2522 Graeci
1214 2473 1215 2496 l

244 2557 359 2634 quidem
378 2563 492 2618 veteres
505 2560 728 2618 factitaverunt:
751 2561 815 2634 jam
831 2560 978 2619 nemiuem
995 2569 1113 2638 antepo-

244 2675 297 2716 nes
311 2657 428 2716 Catoni.
469 2658 573 2715 Orneri
587 2658 748 2716 orationem
763 2659 871 2717 Graeci
885 2664 996 2734 putant,
1010 2661 1035 2718 si
1049 2679 1113 2719 ven

243 2758 344 2814 borum
358 2756 603 2814 immutationibus
624 2762 749 2826 utantur,
763 2777 833 2833 quoa
852 2761 1000 2832 appellant
1013 2785 1111 2839 agmon

243 2862 275 2914 et
300 2855 508 2914 sententiarum
541 2855 737 2931 orationisque
769 2857 875 2924 sororis,
902 2875 976 2932 qnae
1003 2865 1112 2917 vocant

243 2943 365 3032 aquaeve.
380 2975 439 3014 nou
451 2956 609 3015 verisimile
620 2960 673 3024 est,
684 2973 769 3032 quam
780 2957 860 3015 sitin
871 2964 990 3034 utroque
1003 2974 1110 3033 genere

272 3105 295 3137 ⁸³
310 3121 361 3153 eum
379 3107 492 3164 breuitate,
509 3113 557 3156 tum
571 3111 644 3157 nimio
662 3110 782 3180 omnine]
813 3109 878 3160 Haeo
895 3125 937 3175 pro
956 3112 1029 3172 glossa
1047 3110 1109 3160 tollit

242 3161 352 3220 Budaeus,
363 3167 472 3227 probante
480 3167 556 3215 Rivio.
572 3184 614 3216 neo
624 3169 732 3231 displicet.

241 3241 589 3308 ιιιιιιιιιιιιιιενιιιιίᾳιιιίἰιπι.]
621 3250 785 3308 Αιπιιιιυηᾳ

271 3319 294 3352 ³⁵
307 3335 347 3366 nec
355 3325 505 3370 ossumlnms
513 3339 531 3370 s.
541 3325 681 3382 sangninem.
724 3327 821 3374 Videtur
829 3327 921 3376 verbum
931 3327 1044 3376 exuisse
1060 3343 1111 3380 nam

241 3377 389 3426 immanem
398 3381 482 3428 ossibus
491 3387 515 3430 et
524 3383 623 3440 sanguini
634 3399 677 3432 nou
716 3401 744 3435 ne
753 3387 864 3434 convenit

271 3457 415 3516 ³⁰etrrpta'or
356 3459 541 3564 morsilen]
538 3459 586 3508 Ms
597 3475 642 3518 reg
656 3465 730 3532 rftop.
747 3479 764 3510 r.
783 3465 939 3514 owuonbene
971 3465 1111 3514 aeonae

242 3510 325 3588 placet,
339 3516 502 3590 malimquede
488 3517 549 3565 seri.
565 3520 637 3576 optrbr
652 3520 770 3568 dimotis
807 3523 844 3570 Sic
859 3525 977 3587 respondet
992 3525 1069 3588 priori,
1085 3528 1111 3572 ui

242 3575 310 3626 uteri
267 3577 581 3638 annox,jaamnaana.
593 3577 620 3630 C
632 3579 857 3638 enarrasse.
