2474 4188
229 297 250 360 o
580 276 716 346 besuus.

230 479 269 520 ex
296 477 364 537 quo,
385 477 522 536 augurum
550 461 700 529 institutis,
726 462 757 520 iu
784 461 916 536 parentis
944 479 1014 520 eum
1036 459 1107 520 loeo

230 561 328 619 colere
358 562 509 618 debebam.
552 561 689 633 Augebat
714 561 803 618 etiam
827 561 1007 630 molestiam,
1031 559 1107 636 quod

229 677 336 734 magns
352 659 525 732 sapientium
545 659 666 727 civium,
686 661 879 734 bonorumque
900 661 1039 732 penuria,
1060 655 1108 716 vir
1226 733 1227 744 ἵ

230 759 373 833 egregius,
386 757 696 831 conjunctissimusque
710 773 823 814 mecum
836 756 1031 814 consiliorum
1047 769 1107 813 om·

230 858 312 916 nium
335 855 486 922 societate,
503 855 681 914 alienissimo
699 855 875 929 reipublicae
896 861 1034 929 tempore
1056 869 1107 910 ex-

231 956 364 1022 stinctus,
396 958 427 1011 et
453 952 642 1034 auctoritatis,
669 957 700 1010 et
726 953 894 1026 prudentiae
921 967 996 1010 auae
1023 951 1106 1009 triste

230 1052 314 1111 nobis
334 1051 508 1110 ‹tesiderium
526 1051 698 1126 reliquerat:
719 1052 919 1125 dolebamque,
940 1051 1019 1130 quod
1038 1065 1107 1117 non,

230 1155 262 1210 ut
276 1152 403 1226 plerique
417 1152 565 1224 putabant,
585 1149 789 1218 adversarium,
809 1157 858 1207 aut
875 1151 1106 1208 obtrectatorem

230 1251 348 1307 laudum
374 1264 511 1316 meamm,
534 1249 587 1306 sed
613 1248 724 1305 socium
752 1247 855 1322 potius,
881 1252 912 1305 et
936 1250 1109 1305 consortem
1227 1245 1228 1280 ³

231 1346 349 1421 gloriosi
373 1345 479 1403 laboris
499 1345 660 1404 amiseram.
702 1346 830 1414 Etenim,
850 1347 876 1404 si
899 1344 931 1402 ln
960 1345 1108 1405 leviorum

232 1446 337 1504 artium
355 1430 449 1502 studui
465 1445 621 1502 memoriae
641 1444 784 1519 proditum
797 1449 851 1511 est,
871 1443 977 1518 po‘e'taa
991 1441 1110 1500 nobiles

232 1543 383 1620 potiturum
409 1542 571 1618 aequalium
597 1547 690 1599 morte
718 1541 866 1600 doluisse:
898 1558 958 1616 quo
985 1542 1108 1600 tandem

234 1641 333 1700 animo
357 1643 419 1715 ejus
438 1625 588 1698 interitum
607 1641 680 1698 terra
707 1639 803 1708 debui,
828 1629 895 1698 cui'u
914 1656 974 1714 quo
993 1644 1109 1696 certam

234 1745 297 1800 erat
305 1740 466 1815 gloriosius,
476 1754 561 1814 quam
571 1737 894 1798 omninoadversarium
908 1755 968 1796 non
981 1731 1109 1821 baberet

234 1855 302 1898 cum
321 1838 489 1913 praesertim
509 1854 569 1894 uon
591 1837 677 1894 molto
691 1850 844 1910 numquam
864 1835 903 1892 sit
922 1841 975 1894 aut
995 1835 1078 1893 illius
1090 1851 1110 1892 a

235 1951 283 1997 me
303 1955 402 1996 cursus
421 1935 588 2011 impeditus,
612 1939 662 1992 aut
685 1935 791 1992 abillo
810 1951 899 2002 meus,
925 1935 979 1992 sed
1004 1940 1108 1992 contra

184 2068 189 2077 ·
235 2055 349 2112 semper
362 2039 435 2095 alter
454 2037 491 2096 ab
507 2037 599 2092 altero
619 2035 733 2108 adjutus
753 2037 783 2090 et
801 2031 1055 2100 communicando,
1076 2033 1109 2090 et
1152 2095 1156 2106 ,

237 2137 394 2202 monendo,
413 2139 443 2190 et
462 2134 599 2190 favendo.
640 2133 709 2198 Sed,
728 2131 863 2204 quoniam
882 2135 1022 2204 perpetua
1038 2146 1108 2202 que-

237 2233 305 2290 dem
318 2231 459 2288 felicitate
470 2245 537 2286 usus
551 2229 611 2295 ille,
625 2229 714 2286 cessit
727 2245 745 2285 e
759 2227 831 2296 vita,
843 2245 895 2286 suo
905 2229 1006 2304 magis,
1017 2243 1107 2302 quam

238 2345 352 2387 suorum
365 2327 474 2385 civium
492 2331 630 2400 tempore,
650 2331 680 2383 et
701 2331 762 2384 tum
780 2327 899 2396 occidit,
918 2344 986 2386 cum
1006 2329 1108 2400 lugere

238 2427 352 2484 facilius
366 2425 573 2498 rempublicam
588 2431 695 2498 posset,
712 2424 737 2481 si
750 2424 874 2492 viveret,
888 2424 1109 2498 quamjuvare3

241 2523 373 2598 vixitque
387 2522 504 2591 tamdiu,
524 2539 610 2598 quam
628 2521 756 2600 licuitlin
775 2521 897 2584 civitate
920 2524 996 2580 bene
1010 2525 1110 2582 beate·

240 2637 297 2697 que
310 2621 432 2678 vivere:
448 2627 546 2678 nostro
557 2621 751 2688 incommodo,
765 2620 1003 2698 detrimentoque,
1014 2621 1042 2678 si
1062 2621 1108 2677 est

219 2744 223 2754 ·
241 2720 284 2779 ita
297 2737 426 2788 necesse,
439 2719 604 2777 doleamus:
625 2717 704 2778 illius
718 2737 788 2777 vero
801 2717 899 2776 mortis
912 2717 1110 2790 opportunita-

242 2823 302 2878 tem
316 2817 516 2878 benivolentia
532 2819 636 2892 potius,
649 2835 734 2894 quam
744 2813 939 2876 miserlcordia
954 2829 1108 2889 prosequa-

242 2935 315 2986 mur,
335 2923 376 2986 ut,
394 2917 628 2993 quotiescumque
649 2917 686 2971 de
707 2910 866 2971 clarissimo
887 2915 916 2968 et
938 2910 1108 2970 beatissimo

244 3016 309 3074 viro
322 3015 490 3088 cogitemus,
509 3015 592 3070 illum
603 3011 708 3085 ‘potira
728 3025 813 3083 quam
826 3009 1025 3084 nosmetipsos,
1042 3009 1109 3070 dili·

244 3129 313 3187 gere
333 3111 491 3169 videamur.
532 3109 619 3178 Nam,
640 3107 665 3164 si
684 3107 715 3164 id
735 3108 874 3176 dolemus,
897 3109 973 3183 quod
992 3126 1028 3166 eo
1042 3110 1107 3183 jam

243 3208 300 3267 lrui
319 3207 403 3264 nobis
426 3223 485 3266 non
504 3207 590 3276 licem
614 3209 741 3263 nostrum
760 3205 855 3262 estid
878 3206 1003 3264 melum:
1030 3207 1108 3282 quod

245 3305 362 3368 modice
384 3305 516 3374 teramus,
540 3321 579 3362 ne
602 3303 634 3361 id
656 3320 716 3360 nou
742 3304 779 3360 ad
806 3303 973 3373 amicitiam,
995 3306 1048 3363 sed
1070 3306 1108 3363 ad

247 3401 438 3464 domesticam
450 3401 605 3462 utilitatem
618 3401 723 3460 reterre
737 3401 894 3460 videamur.
904 3401 961 3470 sin,
973 3407 1110 3479 tauquam

247 3501 294 3562 illi
311 3499 368 3578 ipsi
385 3499 553 3562 acerbitatis
572 3498 682 3579 aliquid
699 3499 849 3571 acciderit,
869 3500 1017 3579 angimur3
1036 3516 1109 3560 sum-
