2444 4194
230 371 292 434 m
611 357 747 416 usurus.

227 515 353 581 Graece
366 513 410 571 sic
429 511 461 572 in
482 511 547 580 lunc,
573 516 656 568 erant
676 509 818 586 quaedam
838 509 930 585 magis
952 516 1097 571 venustae

226 615 382 688 dulcesque
395 611 566 678 sententiae,
578 627 663 686 quam
676 614 726 666 aut
739 609 929 678 necessariae,
942 615 994 667 aut
1006 611 1097 669 inter·

227 715 296 772 dum
308 711 403 770 utiles.
443 711 483 768 Et
495 715 557 767 erat
570 709 662 767 orado
679 725 747 767 cmn
766 707 890 766 incitata
912 712 944 766 et
965 709 1096 779 vibrans,

228 810 398 871 tumeliam
421 814 557 868 accurato
581 811 613 866 et
636 808 735 882 polita.
775 806 877 866 ¹¹Non
900 809 1098 881 probabantur

226 911 302 969 baec
314 909 440 968 senibus.
482 909 578 981 Saepe
597 907 733 965 videbam
756 923 823 964 cnm
843 905 1020 975 irn'dentem,
1035 913 1097 966 inm

226 1010 316 1068 ctiam
341 1010 516 1068 trementem
542 1011 573 1064 et
593 1007 823 1064 stomachantem
845 1004 1021 1078 Philippum.
1041 1005 1095 1064 sed

227 1109 403 1167 mirabantur
415 1109 623 1173 adolescentes,
637 1105 788 1162 multitudo
801 1104 980 1160 movebatur.
1021 1105 1095 1163 limat

226 1209 377 1266 excellens
384 1206 498 1280 judicio
519 1204 607 1279 vulgi,
621 1209 652 1261 ct
664 1203 750 1261 facile
773 1202 878 1276 primas
890 1205 1008 1260 tenebat
1027 1205 1096 1262 ado·

226 1307 350 1362 lesccns.
364 1319 377 1336 ·
391 1304 456 1362 Etsi
469 1303 548 1361 enim
561 1321 651 1377 genus
673 1301 746 1358 illud
769 1299 888 1358 dicendi
914 1301 1097 1360 auctoritatis

225 1403 351 1460 babebat
364 1419 473 1475 parrum,
487 1407 584 1459 tamen
604 1405 703 1474 aptum
726 1417 790 1458 esse
811 1400 900 1458 aetati
921 1401 1094 1459 videbaturc

224 1505 256 1559 ct
268 1505 358 1568 certe,
371 1502 446 1575 quud
460 1505 490 1558 et
509 1498 621 1572 ingenii
641 1500 781 1572 quaedam
801 1500 891 1557 lorma
913 1501 1038 1567 lucebat,
1060 1504 1096 1558 el

224 1599 444 1658 exercitandus·
461 1597 589 1674 periente
622 1601 693 1666 erat,
719 1601 927 1673 verbcmmque
954 1599 1095 1658 adstricta

223 1698 454 1772 comprehensio,
465 1713 605 1756 summam
618 1697 765 1754 bonrinum
778 1697 998 1755 admirationem
1010 1695 1096 1756 exci-

224 1801 313 1859 tebet.
344 1799 414 1866 Sed,
428 1815 493 1855 cum
501 1797 564 1870 jem
578 1797 710 1863 honores,
723 1801 754 1852 et
766 1796 818 1854 ille
827 1797 925 1854 senior
934 1797 1094 1855 auctoritas

224 1898 341 1974 gravius
350 1897 486 1974 quiddam
498 1895 663 1974 requireret,
676 1898 842 1952 remanebat
862 1896 949 1964 idem,
969 1913 1025 1954 nec
1043 1897 1095 1954 de-

224 1999 311 2056 cebat
323 1997 416 2056 idem:
438 1997 569 2070 quodque
588 1996 827 2055 exercitationem
850 1995 1032 2070 studiumque
1051 1993 1095 2053 di·

224 2095 350 2162 miserat,
360 2097 436 2170 quod
449 2096 480 2152 in
494 2111 530 2150 eo
543 2094 634 2151 luerat
648 2095 826 2162 acerrimum,
840 2093 1025 2151 concinnitas
1037 2094 1092 2152 illa

223 2193 417 2264 crebritasque
442 2191 650 2248 sententiarum
677 2192 798 2265 pristina
824 2193 968 2260 manebat,
989 2193 1041 2249 sed
1055 2209 1094 2250 ea

223 2288 333 2344 vestitu
342 2287 394 2343 illo
403 2286 549 2354 orationis,
560 2302 616 2361 qno
626 2295 826 2359 consueverat,
837 2295 938 2348 ornata
948 2307 1007 2348 non
1017 2295 1092 2348 emi.

223 2385 280 2444 hoe
293 2385 347 2443 tibi
359 2386 420 2452 ille,
434 2385 533 2451 Brute,
546 2385 641 2442 minus
655 2386 775 2446 lortasse
794 2389 912 2463 placuit,
924 2405 1011 2464 quam
1031 2390 1093 2462 nla-

223 2484 338 2552 cuisset,
349 2485 374 2541 si
387 2484 469 2542 illum
483 2483 651 2558 flagrantem
670 2487 773 2555 studio,
798 2493 828 2546 et
846 2487 1029 2545 ”florentem
1050 2487 1093 2544 la-

222 2583 341 2650 cultate,
367 2583 465 2640 audire
486 2582 636 2656 potuisses.
677 2585 757 2642 'l‘um
781 2587 896 2654 Brutus,
916 2585 982 2660 ugo
1009 2603 1092 2654 vcro,

222 2680 324 2757 inquit,
338 2687 367 2738 et
380 2681 445 2749 ista,
459 2699 531 2756 quac
545 2681 627 2750 dieis,
644 2681 731 2740 viden
750 2685 846 2760 qualis
869 2685 937 2752 sint,
961 2689 992 2742 et
1014 2686 1088 2742 llor-

223 2781 346 2841 tensium
357 2797 492 2856 magnum
501 2787 643 2840 oratorem
657 2801 770 2856 semper
783 2784 892 2857 putavi,
904 2783 1090 2860 maximeque

221 2881 343 2955 probavi
356 2899 407 2955 pro
420 2880 558 2938 Messalla
577 2881 732 2950 dicentem,
752 2899 819 2940 cum
832 2888 863 2939 lu
876 2882 1002 2940 abluisti.
1036 2883 1092 2941 Sia

222 2979 324 3045 lerunt,
337 2979 463 3052 inquam,
486 2978 572 3051 idque
585 2979 715 3037 declarat
728 2979 857 3048 totidem,
871 2986 939 3056 quot
957 2981 1043 3052 dixit,
1055 2985 1090 3040 uc
1158 2968 1163 2978 ¹

219 3074 311 3146 ajunt,
321 3076 429 3148 scripta
442 3075 538 3132 verbis
552 3077 653 3134 cretio.
693 3079 771 3154 Ergo
783 3079 835 3136 ille
849 3097 868 3136 e
891 3081 998 3140 Crasso
1020 3097 1091 3138 non·

250 3226 278 3296 2²·
288 3226 341 3272 Nem
353 3227 489 3295 qmloiuutu
496 3227 551 3274 duee
564 3230 683 3292 scottum]
714 3230 751 3279 Sic
760 3233 812 3280 dedi
829 3249 870 3296 pro
883 3233 1015 3292 precantur,
1030 3235 1091 3296 quod

220 3285 512 3354 manrieete'vrtsosnmerat.
545 3287 597 3334 Non
607 3288 636 3358 'in
651 3305 738 3348 genere,
748 3293 801 3362 quid
812 3293 898 3339 senibus
915 3291 1041 3362 displicent,
1056 3293 1092 3338 di-

220 3357 270 3390 cere
279 3343 359 3397 voluit,
367 3341 406 3388 sed
415 3343 467 3402 qud
477 3349 522 3390 tum
532 3351 651 3392 senserint:
667 3352 691 3394 et
700 3351 812 3410 praecedit
821 3355 884 3398 erat:
899 3356 1006 3411 sequitur,
1017 3366 1091 3398 esern-

236 3399 252 3447 tl
260 3415 343 3456 mussa,
350 3414 411 3455 caspe
419 3401 531 3448 uotam.-
546 3405 680 3451 coutmrium
691 3413 731 3463 est,
742 3410 780 3454 sed
787 3410 930 3456 mirabuntur
935 3409 1090 3462 adomnanus,

276 3464 309 3506 est
318 3458 351 3505 ita
359 3457 456 3515 evidens,
465 3463 489 3505 ut
499 3461 572 3517 mirer,
583 3465 629 3508 tam
638 3464 675 3510 diu
687 3466 729 3512 boc
738 3467 845 3515 intactum
856 3468 966 3514 mansisse,

248 3539 272 3572 ²³
279 3537 529 3598 flormtemsucultuts.l
561 3539 616 3591 Quis
628 3541 684 3588 dixit
694 3558 789 3605 unquam
796 3545 882 3604 florere
891 3546 1011 3603 famulicio,
1021 3549 1045 3592 ci
1055 3545 1087 3592 sic

218 3599 295 3647 nude?
309 3597 390 3644 Cicero
396 3597 485 3644 videtur
493 3597 632 3660 scripsissefl.
644 3606 718 3648 cointe.
749 3603 809 3650 Num
819 3606 914 3652 relertm
923 3609 995 3650 totum
1006 3605 1048 3652 hnc
1055 3605 1085 3652 sd

217 3657 374 3714 pmeeedentia
392 3655 407 3704 i.
417 3669 439 3703 c.
450 3657 478 3702 ad
484 3657 607 3714 juvenilem
616 3664 713 3706 aetutem
721 3661 768 3718 eius
777 3667 801 3708 et
807 3663 903 3710 sbrdiurn
913 3664 1037 3711 exercendi.
