2436 4192
495 317 619 369 'mm
891 328 904 342 ⁴
918 329 982 392 Μ

111 467 206 525 ctiam
215 469 254 524 ab
266 465 415 540 adjunctis
433 467 520 540 longe
533 464 666 524 (liveram
681 468 735 524 ast.
756 481 826 528 m
838 467 984 544 atiiumta,

110 567 152 623 sle
166 565 270 640 quibus
285 567 382 638 paullo
395 568 462 622 ante
483 564 594 624 dictum
606 569 660 632 ost,
678 581 738 624 non
759 583 875 638 semper
886 567 985 628 avani·

111 665 183 721 unt:
217 663 427 738 consequentis
453 668 551 722 autern
577 681 701 737 semper.
742 663 789 724 lis
811 665 892 724 onim
917 665 986 726 dina

112 763 335 838 consequentia,
368 779 441 836 quac
475 779 536 820 ram
570 763 737 822 uocsnario
762 769 984 839 consequuntur

109 861 240 936 itemque
264 866 296 920 ot
322 851 531 920 antecedentia
558 866 589 920 et
620 862 819 936 repugnantia.
847 863 986 939 quaqua

110 959 193 1016 enirn
217 959 367 1018 antecedit
393 977 536 1035 quamque
560 977 632 1028 rem,
654 960 684 1018 isi
704 962 842 1020 cohaeret
859 980 927 1022 cunr
953 979 986 1022 m

111 1059 295 1116 mosomio:
317 1064 348 1116 ct
361 1058 500 1133 quidquid
513 1059 706 1132 repugnatis}
721 1060 863 1132 numelli
883 1065 939 1128 est,
953 1065 985 1118 ut

112 1158 270 1215 cohaerere
298 1173 455 1230 numquam
480 1157 581 1230 possit.
623 1158 699 1216 (ium
725 1157 870 1231 tripartito
897 1158 1038 1232 igitrrrlli

110 1255 301 1314 distribuatur
313 1257 394 1313 locus
419 1253 477 1322 hic,
491 1253 523 1311 in
550 1256 797 1324 consecutionem,
809 1258 984 1318 nummio·

110 1373 192 1423 nem,
206 1353 435 1428 repugnantiam,
449 1353 611 1426 reperiendi
637 1357 799 1430 argumenti
823 1359 903 1416 locus
916 1359 983 1416 sinr-

109 1455 183 1527 plcx
210 1458 265 1520 cst,
289 1452 434 1510 tractandi
457 1451 571 1525 triplex.
587 1471 654 1512 nam
678 1453 748 1528 quid
768 1454 898 1524 intereat,
915 1473 983 1516 cum

107 1553 169 1608 lroc
194 1550 341 1618 conseris,
364 1550 516 1624 pecuniam
535 1557 714 1610 numeratam
738 1553 852 1612 mulieri
874 1553 983 1621 deberi,

106 1651 161 1708 cui
186 1649 225 1706 sit
249 1667 336 1706 omne
358 1660 509 1724 argentum
533 1653 671 1724 legatum,
698 1656 793 1708 utrum
816 1652 873 1708 lroc
896 1652 983 1710 noco

106 1751 268 1808 concludas
279 1756 495 1824 argumentum:
519 1748 553 1806 Si
563 1749 687 1822 pecunia
699 1749 822 1822 signata,
832 1756 991 1824 argentum.

108 1853 172 1918 θείς
195 1851 293 1922 legata
319 1853 365 1904 eat
388 1846 513 1904 mulleri.
534 1851 578 1903 eat
604 1851 709 1904 autem·
722 1847 849 1919 omnnia
868 1849 984 1920 signata

106 1950 272 2021 argentum.
293 1947 391 2018 legata
412 1944 508 2018 igitur.
551 1946 600 2002 An
625 1945 677 2002 illo
698 1943 805 2004 modo?
835 1945 869 2003 Si
885 1963 983 2004 numa·

47 2101 49 2108 ,
104 2050 170 2101 rata
184 2043 318 2116 pecunia,
332 2059 391 2101 non
405 2047 450 2100 cst
464 2045 577 2116 legator
599 2051 658 2100 non
669 2047 715 2099 eat
728 2047 880 2100 nummata
893 2061 980 2117 pecu·

106 2143 157 2200 uia
168 2145 329 2216 argeutum.
351 2145 506 2199 astantem
520 2147 669 2198 numerata
683 2141 808 2214 pecunia
820 2147 980 2217 argentum.

108 2242 208 2315 legata
231 2239 319 2314 igitur
341 2247 395 2298 est.
438 2242 487 2299 An
512 2240 565 2298 illo
586 2239 693 2299 modo?
713 2242 782 2298 Non
805 2246 836 2300 et
853 2245 981 2318 legatum

109 2346 263 2414 argentum
282 2345 336 2407 cst,
357 2345 391 2396 at
414 2357 473 2398 non
498 2345 543 2398 est
564 2342 662 2414 regan
677 2346 828 2399 numerata
844 2342 979 2414 petuma.

107 2438 238 2516 legatum
259 2442 355 2494 autern
369 2444 519 2510 argentum
535 2443 589 2494 ost.
609 2440 706 2509 legata
723 2437 811 2510 igitur
831 2445 981 2497 numerata

106 2535 236 2610 monnio
260 2539 314 2591 sat.
357 2536 518 2607 Appellant
537 2541 634 2591 autem
654 2535 803 2594 dialectici
824 2551 889 2596 eam
912 2555 980 2598 con·

106 2634 272 2691 elusionem
283 2633 454 2704 argumenti,
465 2633 496 2688 in
510 2649 574 2706 qua,
586 2651 653 2689 cum
667 2633 790 2705 primum
803 2635 979 2703 assumserit,

106 2731 297 2806 consequitur
310 2730 349 2798 id,
363 2732 438 2804 quod
459 2747 606 2787 annexum
628 2736 682 2798 cst,
695 2733 823 2804 primum
839 2734 980 2794 conclusi·

105 2832 171 2888 onia
187 2832 320 2887 modum:
341 2847 407 2888 cum
421 2829 460 2897 id,
474 2830 549 2902 quod
568 2845 716 2888 annexum
732 2834 786 2896 ast,
805 2829 929 2902 negaris,
947 2835 980 2888 ut

104 2928 135 2986 id
146 2947 268 3006 quoquc,
279 2929 327 2987 cui
338 2929 425 2987 luerit
436 2945 591 2996 annexum,
606 2929 770 3002 negandum
780 2928 827 2995 sit,
837 2929 979 2988 sccundus

109 3031 272 3102 appellatur
298 3028 493 3086 concludendi
520 3029 640 3085 modus:
666 3043 734 3084 cum
760 3031 858 3086 autam
884 3027 980 3103 aliqua

108 3128 267 3201 conjuncta
277 3128 400 3202 negaris,
412 3133 442 3186 et
452 3128 497 3185 his
506 3127 565 3184 alia
576 3126 694 3200 negatio
703 3143 795 3183 rursus
805 3126 978 3202 sdJuugitur,

108 3229 138 3280 et
151 3242 189 3282 ex
199 3227 244 3283 his
256 3226 377 3300 primum
388 3227 531 3294 sumserit,
545 3232 585 3294 ut,
597 3227 673 3300 quod
687 3224 863 3301 relinquitur,
877 3228 979 3288 tollen·

110 3320 178 3382 dum
206 3324 261 3381 sit:
282 3325 306 3382 is
334 3323 435 3382 tertius
463 3327 622 3399 appellatur
644 3325 839 3383 conclusionis
865 3327 976 3384 modus.

109 3417 156 3478 Ex
165 3424 221 3480 hoc
232 3423 283 3480 illa
292 3424 437 3480 rhetorum
447 3428 515 3482 sunt
525 3441 563 3480 ox
576 3423 728 3484 contrariis
742 3427 891 3490 conclusa,
904 3439 977 3496 quae

108 3515 163 3589 ipsi
190 3521 409 3595 enthymemata
430 3524 593 3604 appellant:
614 3540 674 3581 non
697 3525 773 3597 quod
797 3538 856 3579 non
882 3517 975 3576 omnis
