2460 4184
492 351 627 405 andros.
913 353 975 422 μὴ
1017 302 1023 310 Ι

112 503 270 562 censuerim
294 508 326 561 et
348 519 455 561 novam
479 501 573 571 istam,
597 501 679 578 quasi
698 503 736 559 de
749 505 976 572 mustoaclacu,

109 599 245 660 fervidam
259 602 421 660 orationem
433 601 608 676 fugiendam,
629 617 687 659 nec
700 601 783 658 illam
804 602 980 673 praeclaram

112 699 297 774 Thucydidis
311 701 397 759 nimis
411 705 550 768 veterem,
573 705 718 776 tamquam
739 698 919 757 Anicianam
932 715 981 755 uo·

112 803 177 866 tam,
197 801 437 875 persequendam.
479 800 547 872 lpse
562 798 641 855 enim
655 797 848 872 Thucydides
871 796 897 854 si
918 813 982 870 pos·

111 896 195 954 terius
219 898 331 966 luisset,
351 901 441 955 multo
459 897 596 956 maturior
619 895 719 953 luisset
733 900 763 954 et
775 895 880 954 mitior.
922 895 981 953 De·
992 903 1033 962 84

113 991 292 1055 mostheuem
304 997 391 1070 igitur
400 997 555 1054 imitemur.
591 994 669 1052 Odii
679 994 766 1050 honi!
781 994 857 1069 quid,
865 1009 982 1070 quaeso,

113 1111 162 1151 nos
184 1095 265 1152 aliud
290 1095 412 1170 agimus,
435 1100 485 1151 aut
504 1095 575 1168 quid
589 1092 667 1149 aliud
681 1088 836 1165 optamus?
866 1092 909 1149 At
922 1108 982 1149 nou

112 1193 297 1268 assequimur.
339 1193 395 1250 lati
415 1192 494 1250 euim
518 1189 660 1248 videlicet
675 1189 770 1248 Attici
788 1189 888 1258 nostri,
907 1189 984 1265 quod

112 1291 221 1360 volunt,
235 1295 437 1366 assequuntur.
462 1308 499 1347 ne
510 1288 583 1346 illud
596 1287 711 1363 quidem
725 1287 902 1362 intelligunt,
922 1305 983 1346 nou

111 1391 195 1448 modo
218 1391 263 1447 ito
284 1389 442 1447 memoriae
462 1387 607 1462 proditum
626 1403 699 1454 esse,
725 1387 776 1444 sed
797 1386 841 1444 ita
861 1403 983 1444 necesse

109 1485 207 1554 tuisse,
221 1505 290 1545 cum
303 1489 517 1545 Demosthenes
531 1485 659 1544 dicturus
673 1489 758 1554 esset,
771 1489 804 1547 ut
816 1503 982 1554 concursus,

111 1583 254 1641 audiendi
267 1602 364 1653 causa,
382 1603 420 1642 ex
431 1589 491 1642 tota
503 1584 629 1643 Graecia
642 1584 753 1643 tierent.
794 1587 839 1643 At
851 1601 918 1642 cum
931 1581 982 1642 isti

111 1681 211 1739 Attici
236 1682 346 1750 dicunt,
368 1701 426 1741 non
448 1685 534 1742 modo
558 1701 576 1741 a
596 1699 713 1749 corona,
734 1683 810 1758 quod
833 1687 878 1742 est
889 1683 984 1756 ipsum

113 1778 288 1849 miserabile,
316 1783 368 1838 sed
398 1783 489 1841 etiam
521 1784 558 1839 ab
589 1783 741 1840 advocatis
777 1778 984 1855 relinquuntur.

111 1877 209 1950 Quare
223 1877 251 1936 si
261 1884 384 1953 auguste
398 1885 428 1944 et
439 1880 556 1937 exiliter
566 1880 673 1949 dicere,
682 1883 727 1938 est
741 1877 917 1944 Atticorum,
926 1877 987 1934 sint

112 1993 184 2032 sane
202 1975 321 2034 Attici:
342 1976 438 2032 sedin
460 1976 610 2032 comitium
622 1978 754 2042 veniant,
772 1973 842 2032 ”ad
861 1977 987 2031 stante!

106 2073 242 2147 judicem
257 2074 367 2131 dicant.
409 2073 556 2132 Subsellia
574 2074 755 2148 grandiorem
775 2077 806 2131 et
829 2072 988 2146 pleniorem

114 2189 222 2230 vocem
246 2171 423 2229 desiderant.
465 2171 544 2228 Volo
563 2172 619 2230 boc
638 2171 743 2230 oratori
763 2171 923 2247 contingat,
946 2177 988 2240 ut,

115 2285 179 2329 cum
193 2269 326 2330 auditum
339 2270 378 2326 sit
390 2287 456 2328 eum
470 2287 534 2327 esse
544 2271 696 2341 dicturum,
707 2271 787 2330 locus
797 2270 829 2329 in
843 2271 986 2330 subselliis

117 2374 283 2443 occupetur,
299 2371 479 2442 compleatur
495 2368 630 2439 tribunal,
654 2369 772 2445 gratiosi
792 2371 905 2429 scribae
928 2371 988 2429 sint

117 2464 145 2523 in
166 2469 262 2527 dando
285 2472 316 2525 et
338 2469 470 2526 cedendo
483 2471 558 2538 loco,
580 2487 689 2528 corona
712 2470 876 2542 multiplex,
894 2469 988 2542 judex

118 2569 246 2624 electus:
267 2583 336 2625 cum
349 2565 441 2640 surgit
453 2566 488 2635 is,
508 2567 558 2641 qui
571 2567 699 2626 dicturus
712 2567 760 2636 sit,
778 2567 958 2642 significetur
970 2583 989 2624 o

117 2675 219 2723 corona
232 2663 394 2731 silentium,
415 2665 523 2722 deinde
537 2667 655 2723 crebrae
670 2666 861 2734 assensiones,
881 2667 989 2723 multae

114 2763 343 2823 admirationes:
364 2762 447 2831 risus,
462 2779 528 2820 cum
542 2762 634 2832 velit;
653 2781 720 2820 cum
733 2763 815 2831 velit,
828 2763 929 2820 fletus:
949 2767 990 2830 ut,

123 2861 167 2934 qui
180 2864 254 2921 haec
269 2863 370 2936 procul
385 2861 495 2929 videat,
513 2860 638 2927 etiamsi,
657 2860 725 2936 quid
738 2865 847 2934 agatur,
860 2859 990 2928 nesciata

120 2961 148 3015 at
160 2962 275 3033 plaeere
288 2964 394 3029 tamen,
408 2965 439 3018 et
452 2959 483 3017 in
499 2975 590 3016 scena
604 2975 669 3016 esse
683 2957 825 3016 Roscium
835 2955 989 3032 intelligat.

122 3054 199 3116 llaec
212 3059 262 3118 cui
276 3059 460 3134 contingant,
482 3076 550 3117 eum
565 3057 641 3115 scito
665 3058 768 3116 Attice
787 3056 895 3126 dicere,
907 3065 940 3116 ut
952 3059 990 3118 de

122 3151 231 3216 Pericle
245 3157 421 3226 audivimus,
435 3163 466 3216 ut
480 3159 517 3215 de
536 3157 697 3232 Hyperide,
718 3161 750 3214 ui
771 3157 808 3214 de
830 3157 990 3228 Aeschine,

123 3251 158 3310 de
179 3254 243 3329 ipso
263 3256 381 3332 quidem
402 3257 603 3315 Demosthene
625 3255 763 3314 maxime.
818 3255 872 3314 Sin
894 3263 991 3318 aulem

124 3405 432 3539 fixutulcffiewugm
438 3409 604 3516 ffimm'amssg
610 3411 992 3540 ffffissassessriaverffilnlradffi

125 3523 192 3583 telirgr
199 3528 285 3583 mdroes
293 3527 402 3574 lenonum
411 3539 532 3584 causarum,
564 3541 642 3575 uorum
651 3533 709 3574 ruter
716 3529 808 3584 Judroes,
829 3541 867 3588 qur
880 3527 948 3593 vulgo
958 3525 992 3570 dr-

124 3585 206 3638 mutur,
212 3590 252 3632 aut
259 3583 355 3646 proprie,
363 3585 426 3634 nulla
434 3585 525 3632 mentio.
541 3587 584 3634 nui
591 3585 639 3647 quis
649 3587 713 3634 malit
723 3589 848 3646 praetorem
856 3583 991 3644 hlaibam,

125 3641 702 3707 mudephaorespoudetautarbimmprivatim
709 3647 812 3694 mmmm
971 3665 972 3672 ¹
