<?xml version="1.0" encoding="UTF-8"?>
<!DOCTYPE html PUBLIC "-//W3C//DTD XHTML 1.0 Transitional//EN"
    "http://www.w3.org/TR/xhtml1/DTD/xhtml1-transitional.dtd">
<html xmlns="http://www.w3.org/1999/xhtml" xml:lang="en" lang="en">
 <head>
  <title>
</title>
<meta http-equiv="Content-Type" content="text/html;charset=utf-8" />
  <meta name='ocr-system' content='tesseract 3.04.00' />
  <meta name='ocr-capabilities' content='ocr_page ocr_carea ocr_par ocr_line ocrx_word'/>
</head>
<body>
  <div class='ocr_page' id='page_1' title='image "./mtvlliiciceroni09cicegoog/mtvlliiciceroni09cicegoog_0077.png"; bbox 0 0 2460 4184; ppageno 0'>
   <div class='ocr_carea' id='block_1_1' title="bbox 219 299 728 390">
    <p class='ocr_par' dir='ltr' id='par_1_1' title="bbox 219 299 728 390">
     <span class='ocr_line' id='line_1_1' title="bbox 219 299 728 390; baseline -0.004 -40"><span class='ocrx_word' id='word_1_1' title='bbox 219 305 277 390; x_wconf 29' lang='lat' dir='ltr'><strong>‘pp</strong></span> <span class='ocrx_word' id='word_1_2' title='bbox 593 299 728 350; x_wconf 80' lang='lat' dir='ltr'><strong>esurus.</strong></span> 
     </span>
    </p>
   </div>
   <div class='ocr_carea' id='block_1_2' title="bbox 136 465 1223 3446">
    <p class='ocr_par' dir='ltr' id='par_1_2' title="bbox 235 465 1105 638">
     <span class='ocr_line' id='line_1_2' title="bbox 235 465 1105 541; baseline 0.005 -19"><span class='ocrx_word' id='word_1_3' title='bbox 235 466 422 538; x_wconf 74' lang='lat' dir='ltr'><strong>processisset</strong></span> <span class='ocrx_word' id='word_1_4' title='bbox 449 467 602 524; x_wconf 87' lang='lat' dir='ltr'><strong>honoribus</strong></span> <span class='ocrx_word' id='word_1_5' title='bbox 628 468 751 541; x_wconf 77' lang='lat' dir='ltr'><strong>longius,</strong></span> <span class='ocrx_word' id='word_1_6' title='bbox 779 465 837 524; x_wconf 84' lang='lat' dir='ltr'><strong>nisi</strong></span> <span class='ocrx_word' id='word_1_7' title='bbox 856 482 971 541; x_wconf 78' lang='lat' dir='ltr'><strong>semper</strong></span> <span class='ocrx_word' id='word_1_8' title='bbox 988 467 1105 526; x_wconf 73' lang='lat' dir='ltr'><strong>infirme</strong></span> 
     </span>
     <span class='ocr_line' id='line_1_3' title="bbox 236 565 823 638; baseline 0.002 -18"><span class='ocrx_word' id='word_1_9' title='bbox 236 570 321 638; x_wconf 80' lang='lat' dir='ltr'><strong>atque</strong></span> <span class='ocrx_word' id='word_1_10' title='bbox 336 566 425 621; x_wconf 83' lang='lat' dir='ltr'><strong>etism</strong></span> <span class='ocrx_word' id='word_1_11' title='bbox 438 583 524 638; x_wconf 81' lang='lat' dir='ltr'><strong>segre</strong></span> <span class='ocrx_word' id='word_1_12' title='bbox 537 565 698 622; x_wconf 80' lang='lat' dir='ltr'><strong>valitudine</strong></span> <span class='ocrx_word' id='word_1_13' title='bbox 713 565 823 623; x_wconf 89' lang='lat' dir='ltr'><strong>luisset.</strong></span> 
     </span>
    </p>

    <p class='ocr_par' dir='ltr' id='par_1_3' title="bbox 185 654 1106 738">
     <span class='ocr_line' id='line_1_4' title="bbox 185 654 1106 738; baseline 0 -17"><span class='ocrx_word' id='word_1_14' title='bbox 185 654 226 710; x_wconf 80' lang='grc'><strong>49</strong></span> <span class='ocrx_word' id='word_1_15' title='bbox 278 665 375 737; x_wconf 80' lang='lat' dir='ltr'><strong>Atque</strong></span> <span class='ocrx_word' id='word_1_16' title='bbox 389 679 444 736; x_wconf 87' lang='lat' dir='ltr'><strong>ego</strong></span> <span class='ocrx_word' id='word_1_17' title='bbox 462 665 608 736; x_wconf 81' lang='lat' dir='ltr'><strong>praeclare</strong></span> <span class='ocrx_word' id='word_1_18' title='bbox 627 665 770 738; x_wconf 75' lang='lat' dir='ltr'>intelligo,</span> <span class='ocrx_word' id='word_1_19' title='bbox 790 658 837 721; x_wconf 77' lang='lat' dir='ltr'><strong>me</strong></span> <span class='ocrx_word' id='word_1_20' title='bbox 855 663 887 721; x_wconf 86' lang='lat' dir='ltr'><strong>ln</strong></span> <span class='ocrx_word' id='word_1_21' title='bbox 907 681 1007 721; x_wconf 85' lang='lat' dir='ltr'><strong>eornm</strong></span> <span class='ocrx_word' id='word_1_22' title='bbox 1027 675 1106 722; x_wconf 79' lang='lat' dir='ltr'><strong>com·</strong></span> 
     </span>
    </p>

    <p class='ocr_par' dir='ltr' id='par_1_4' title="bbox 173 758 1209 2207">
     <span class='ocr_line' id='line_1_5' title="bbox 173 758 1106 836; baseline 0.002 -18"><span class='ocrx_word' id='word_1_23' title='bbox 173 799 174 806; x_wconf 23' lang='grc' dir='ltr'><strong>κ</strong></span> <span class='ocrx_word' id='word_1_24' title='bbox 238 758 444 819; x_wconf 76' lang='lat' dir='ltr'>memoratione</span> <span class='ocrx_word' id='word_1_25' title='bbox 472 761 653 836; x_wconf 85' lang='lat' dir='ltr'><strong>verseri,qui</strong></span> <span class='ocrx_word' id='word_1_26' title='bbox 680 766 735 822; x_wconf 80' lang='lat' dir='ltr'><strong>neb</strong></span> <span class='ocrx_word' id='word_1_27' title='bbox 764 762 856 820; x_wconf 81' lang='lat' dir='ltr'><strong>babiti</strong></span> <span class='ocrx_word' id='word_1_28' title='bbox 882 763 940 820; x_wconf 90' lang='lat' dir='ltr'><strong>sint</strong></span> <span class='ocrx_word' id='word_1_29' title='bbox 968 769 1106 830; x_wconf 74' lang='lat' dir='ltr'><strong>oratores,</strong></span> 
     </span>
     <span class='ocr_line' id='line_1_6' title="bbox 236 859 1107 934; baseline 0.001 -17"><span class='ocrx_word' id='word_1_30' title='bbox 236 875 331 933; x_wconf 85' lang='lat' dir='ltr'><strong>neque</strong></span> <span class='ocrx_word' id='word_1_31' title='bbox 345 859 458 925; x_wconf 87' lang='lat' dir='ltr'><strong>luerint,</strong></span> <span class='ocrx_word' id='word_1_32' title='bbox 473 861 675 934; x_wconf 83' lang='lat' dir='ltr'><strong>praeteririque</strong></span> <span class='ocrx_word' id='word_1_33' title='bbox 695 877 712 917; x_wconf 82' lang='lat' dir='ltr'><strong>e</strong></span> <span class='ocrx_word' id='word_1_34' title='bbox 726 861 889 934; x_wconf 81' lang='lat' dir='ltr'><strong>mestiquot</strong></span> <span class='ocrx_word' id='word_1_35' title='bbox 901 879 939 917; x_wconf 84' lang='lat' dir='ltr'><strong>ex</strong></span> <span class='ocrx_word' id='word_1_36' title='bbox 949 861 1107 927; x_wconf 85' lang='lat' dir='ltr'><strong>veteribus,¹</strong></span> 
     </span>
     <span class='ocr_line' id='line_1_7' title="bbox 238 957 1209 1032; baseline 0.001 -18"><span class='ocrx_word' id='word_1_37' title='bbox 238 957 511 1014; x_wconf 71' lang='lat' dir='ltr'><strong>commemoratione</strong></span> <span class='ocrx_word' id='word_1_38' title='bbox 530 964 578 1014; x_wconf 80' lang='lat' dir='ltr'><strong>ent</strong></span> <span class='ocrx_word' id='word_1_39' title='bbox 598 959 682 1014; x_wconf 83' lang='lat' dir='ltr'><strong>laude</strong></span> <span class='ocrx_word' id='word_1_40' title='bbox 702 957 820 1031; x_wconf 79' lang='lat' dir='ltr'><strong>dignos:</strong></span> <span class='ocrx_word' id='word_1_41' title='bbox 841 961 894 1014; x_wconf 88' lang='lat' dir='ltr'><strong>sed</strong></span> <span class='ocrx_word' id='word_1_42' title='bbox 912 959 968 1015; x_wconf 88' lang='lat' dir='ltr'><strong>hoc</strong></span> <span class='ocrx_word' id='word_1_43' title='bbox 987 959 1107 1032; x_wconf 85' lang='lat' dir='ltr'><strong>quidem</strong></span> <span class='ocrx_word' id='word_1_44' title='bbox 1204 985 1209 998; x_wconf 73' lang='lat'>=</span> 
     </span>
     <span class='ocr_line' id='line_1_8' title="bbox 238 1055 1106 1130; baseline 0 -18"><span class='ocrx_word' id='word_1_45' title='bbox 238 1055 430 1130; x_wconf 72' lang='lat' dir='ltr'><strong>ignoratione.</strong></span> <span class='ocrx_word' id='word_1_46' title='bbox 450 1055 518 1130; x_wconf 91' lang='lat' dir='ltr'><strong>quid</strong></span> <span class='ocrx_word' id='word_1_47' title='bbox 538 1056 617 1113; x_wconf 90' lang='lat' dir='ltr'><strong>enirn</strong></span> <span class='ocrx_word' id='word_1_48' title='bbox 644 1061 688 1112; x_wconf 86' lang='lat' dir='ltr'><strong>est</strong></span> <span class='ocrx_word' id='word_1_49' title='bbox 711 1056 862 1128; x_wconf 86' lang='lat' dir='ltr'><strong>superioris</strong></span> <span class='ocrx_word' id='word_1_50' title='bbox 889 1056 1003 1123; x_wconf 79' lang='lat' dir='ltr'><strong>aetatis,</strong></span> <span class='ocrx_word' id='word_1_51' title='bbox 1031 1057 1106 1129; x_wconf 93' lang='lat' dir='ltr'><strong>quod</strong></span> 
     </span>
     <span class='ocr_line' id='line_1_9' title="bbox 239 1153 1108 1228; baseline 0 -18"><span class='ocrx_word' id='word_1_52' title='bbox 239 1154 328 1210; x_wconf 81' lang='lat' dir='ltr'><strong>scribi</strong></span> <span class='ocrx_word' id='word_1_53' title='bbox 341 1154 431 1227; x_wconf 81' lang='lat' dir='ltr'><strong>possit</strong></span> <span class='ocrx_word' id='word_1_54' title='bbox 444 1156 482 1211; x_wconf 88' lang='lat' dir='ltr'><strong>de</strong></span> <span class='ocrx_word' id='word_1_55' title='bbox 495 1153 541 1221; x_wconf 89' lang='lat' dir='ltr'><strong>iis,</strong></span> <span class='ocrx_word' id='word_1_56' title='bbox 549 1153 695 1228; x_wconf 79' lang='lat' dir='ltr'><strong>dequibus</strong></span> <span class='ocrx_word' id='word_1_57' title='bbox 704 1155 782 1210; x_wconf 82' lang='lat' dir='ltr'><strong>nulia</strong></span> <span class='ocrx_word' id='word_1_58' title='bbox 793 1157 979 1212; x_wconf 79' lang='lat' dir='ltr'><strong>monuments</strong></span> <span class='ocrx_word' id='word_1_59' title='bbox 988 1156 1108 1227; x_wconf 88' lang='lat' dir='ltr'><strong>loquun·</strong></span> 
     </span>
     <span class='ocr_line' id='line_1_10' title="bbox 238 1249 1107 1326; baseline 0.002 -20"><span class='ocrx_word' id='word_1_60' title='bbox 238 1256 294 1318; x_wconf 86' lang='lat' dir='ltr'><strong>tur,</strong></span> <span class='ocrx_word' id='word_1_61' title='bbox 316 1269 371 1308; x_wconf 90' lang='lat' dir='ltr'><strong>nec</strong></span> <span class='ocrx_word' id='word_1_62' title='bbox 397 1253 525 1319; x_wconf 82' lang='lat' dir='ltr'><strong>oliorum,</strong></span> <span class='ocrx_word' id='word_1_63' title='bbox 549 1271 603 1308; x_wconf 88' lang='lat' dir='ltr'><strong>neo</strong></span> <span class='ocrx_word' id='word_1_64' title='bbox 627 1249 777 1325; x_wconf 79' lang='lat' dir='ltr'><strong>ipsorum?</strong></span> <span class='ocrx_word' id='word_1_65' title='bbox 796 1253 845 1311; x_wconf 87' lang='lat' dir='ltr'><strong>De</strong></span> <span class='ocrx_word' id='word_1_66' title='bbox 858 1251 894 1308; x_wconf 88' lang='lat' dir='ltr'><strong>iis</strong></span> <span class='ocrx_word' id='word_1_67' title='bbox 908 1258 1016 1318; x_wconf 89' lang='lat' dir='ltr'><strong>eutem,</strong></span> <span class='ocrx_word' id='word_1_68' title='bbox 1035 1269 1107 1326; x_wconf 89' lang='lat' dir='ltr'><strong>quos</strong></span> 
     </span>
     <span class='ocr_line' id='line_1_11' title="bbox 239 1335 1109 1422; baseline 0.003 -18"><span class='ocrx_word' id='word_1_69' title='bbox 239 1349 294 1420; x_wconf 90' lang='lat' dir='ltr'><strong>ipsi</strong></span> <span class='ocrx_word' id='word_1_70' title='bbox 321 1348 454 1416; x_wconf 88' lang='lat' dir='ltr'><strong>vidimus,</strong></span> <span class='ocrx_word' id='word_1_71' title='bbox 476 1335 701 1406; x_wconf 75' lang='lat' dir='ltr'><strong>neminem‘rere</strong></span> <span class='ocrx_word' id='word_1_72' title='bbox 721 1349 975 1422; x_wconf 79' lang='lat' dir='ltr'><strong>praetermittimus</strong></span> <span class='ocrx_word' id='word_1_73' title='bbox 997 1367 1109 1418; x_wconf 88' lang='lat' dir='ltr'><strong>eorum,</strong></span> 
     </span>
     <span class='ocr_line' id='line_1_12' title="bbox 238 1444 1110 1522; baseline 0.003 -20"><span class='ocrx_word' id='word_1_74' title='bbox 238 1464 309 1520; x_wconf 88' lang='lat' dir='ltr'><strong>quos</strong></span> <span class='ocrx_word' id='word_1_75' title='bbox 330 1447 484 1522; x_wconf 81' lang='lat' dir='ltr'><strong>aliquando</strong></span> <span class='ocrx_word' id='word_1_76' title='bbox 497 1447 629 1504; x_wconf 87' lang='lat' dir='ltr'><strong>dieentes</strong></span> <span class='ocrx_word' id='word_1_77' title='bbox 649 1444 784 1504; x_wconf 83' lang='lat' dir='ltr'><strong>vidimus.</strong></span> <span class='ocrx_word' id='word_1_78' title='bbox 823 1448 903 1504; x_wconf 87' lang='lat' dir='ltr'><strong>Volo</strong></span> <span class='ocrx_word' id='word_1_79' title='bbox 927 1448 1006 1504; x_wconf 86' lang='lat' dir='ltr'><strong>enim</strong></span> <span class='ocrx_word' id='word_1_80' title='bbox 1030 1447 1110 1515; x_wconf 88' lang='lat' dir='ltr'><strong>sciri,</strong></span> 
     </span>
     <span class='ocr_line' id='line_1_13' title="bbox 238 1545 1109 1618; baseline 0.001 -16"><span class='ocrx_word' id='word_1_81' title='bbox 238 1545 270 1602; x_wconf 89' lang='lat' dir='ltr'><strong>in</strong></span> <span class='ocrx_word' id='word_1_82' title='bbox 290 1549 372 1602; x_wconf 82' lang='lat' dir='ltr'><strong>toute</strong></span> <span class='ocrx_word' id='word_1_83' title='bbox 395 1549 426 1601; x_wconf 92' lang='lat' dir='ltr'><strong>et</strong></span> <span class='ocrx_word' id='word_1_84' title='bbox 446 1549 509 1602; x_wconf 84' lang='lat' dir='ltr'><strong>tem·</strong></span> <span class='ocrx_word' id='word_1_85' title='bbox 527 1549 627 1602; x_wconf 80' lang='lat' dir='ltr'><strong>vetere</strong></span> <span class='ocrx_word' id='word_1_86' title='bbox 646 1545 795 1618; x_wconf 75' lang='lat' dir='ltr'><strong>republica</strong></span> <span class='ocrx_word' id='word_1_87' title='bbox 818 1546 954 1602; x_wconf 65' lang='lat' dir='ltr'><strong>mammis</strong></span> <span class='ocrx_word' id='word_1_88' title='bbox 973 1547 1109 1618; x_wconf 74' lang='lat' dir='ltr'><strong>praemiis</strong></span> 
     </span>
     <span class='ocr_line' id='line_1_14' title="bbox 238 1643 1109 1728; baseline 0.001 -29"><span class='ocrx_word' id='word_1_89' title='bbox 238 1643 421 1728; x_wconf 73' lang='lat' dir='ltr'><strong>eloquentiae</strong></span> <span class='ocrx_word' id='word_1_90' title='bbox 440 1643 600 1716; x_wconf 89' lang='lat' dir='ltr'><strong>propositis,</strong></span> <span class='ocrx_word' id='word_1_91' title='bbox 612 1661 715 1699; x_wconf 88' lang='lat' dir='ltr'><strong>omnes</strong></span> <span class='ocrx_word' id='word_1_92' title='bbox 724 1643 838 1715; x_wconf 79' lang='lat' dir='ltr'><strong>cupisse</strong></span> <span class='ocrx_word' id='word_1_93' title='bbox 851 1643 958 1710; x_wconf 85' lang='lat' dir='ltr'><strong>dicere,</strong></span> <span class='ocrx_word' id='word_1_94' title='bbox 972 1661 1031 1700; x_wconf 85' lang='lat' dir='ltr'><strong>non</strong></span> <span class='ocrx_word' id='word_1_95' title='bbox 1049 1647 1109 1716; x_wconf 92' lang='lat' dir='ltr'><strong>plu-</strong></span> 
     </span>
     <span class='ocr_line' id='line_1_15' title="bbox 239 1733 1108 1814; baseline 0 -16"><span class='ocrx_word' id='word_1_96' title='bbox 239 1733 325 1798; x_wconf 86' lang='lat' dir='ltr'><strong>rimos</strong></span> <span class='ocrx_word' id='word_1_97' title='bbox 339 1759 421 1798; x_wconf 81' lang='lat' dir='ltr'><strong>cusos</strong></span> <span class='ocrx_word' id='word_1_98' title='bbox 436 1751 508 1808; x_wconf 83' lang='lat' dir='ltr'><strong>esse,</strong></span> <span class='ocrx_word' id='word_1_99' title='bbox 523 1743 648 1813; x_wconf 86' lang='lat' dir='ltr'><strong>potuisse</strong></span> <span class='ocrx_word' id='word_1_100' title='bbox 662 1757 777 1814; x_wconf 79' lang='lat' dir='ltr'><strong>pancos.</strong></span> <span class='ocrx_word' id='word_1_101' title='bbox 819 1741 883 1814; x_wconf 80' lang='lat' dir='ltr'><strong>Ego</strong></span> <span class='ocrx_word' id='word_1_102' title='bbox 895 1741 1056 1798; x_wconf 78' lang='lat' dir='ltr'><strong>tamenin</strong></span> <span class='ocrx_word' id='word_1_103' title='bbox 1070 1744 1108 1798; x_wconf 89' lang='lat' dir='ltr'><strong>de&#39;</strong></span> 
     </span>
     <span class='ocr_line' id='line_1_16' title="bbox 239 1837 1109 1915; baseline 0 -18"><span class='ocrx_word' id='word_1_104' title='bbox 239 1857 407 1915; x_wconf 90' lang='lat' dir='ltr'><strong>unoquoque</strong></span> <span class='ocrx_word' id='word_1_105' title='bbox 420 1839 526 1905; x_wconf 74' lang='lat' dir='ltr'><strong>«licem,</strong></span> <span class='ocrx_word' id='word_1_106' title='bbox 539 1843 571 1895; x_wconf 90' lang='lat' dir='ltr'><strong>ut</strong></span> <span class='ocrx_word' id='word_1_107' title='bbox 583 1837 709 1912; x_wconf 82' lang='lat' dir='ltr'><strong>intelligi</strong></span> <span class='ocrx_word' id='word_1_108' title='bbox 722 1837 822 1911; x_wconf 86' lang='lat' dir='ltr'><strong>possit,</strong></span> <span class='ocrx_word' id='word_1_109' title='bbox 835 1852 921 1911; x_wconf 88' lang='lat' dir='ltr'><strong>quem</strong></span> <span class='ocrx_word' id='word_1_110' title='bbox 941 1839 1109 1897; x_wconf 77' lang='lat' dir='ltr'><strong>existimem</strong></span> 
     </span>
     <span class='ocr_line' id='line_1_17' title="bbox 240 1937 1110 2012; baseline -0.001 -15"><span class='ocrx_word' id='word_1_111' title='bbox 240 1940 435 2005; x_wconf 80' lang='lat' dir='ltr'><strong>clamatorem,</strong></span> <span class='ocrx_word' id='word_1_112' title='bbox 449 1953 533 2012; x_wconf 89' lang='lat' dir='ltr'><strong>quem</strong></span> <span class='ocrx_word' id='word_1_113' title='bbox 546 1943 688 1994; x_wconf 77' lang='lat' dir='ltr'><strong>oratorem</strong></span> <span class='ocrx_word' id='word_1_114' title='bbox 701 1937 799 1992; x_wconf 87' lang='lat' dir='ltr'><strong>luisse.</strong></span> <span class='ocrx_word' id='word_1_115' title='bbox 837 1937 949 1994; x_wconf 76' lang='lat' dir='ltr'><strong>&#39;lisdem</strong></span> <span class='ocrx_word' id='word_1_116' title='bbox 963 1937 1024 1994; x_wconf 88' lang='lat' dir='ltr'><strong>lere</strong></span> <span class='ocrx_word' id='word_1_117' title='bbox 1038 1942 1110 1996; x_wconf 86' lang='lat' dir='ltr'><strong>lem·</strong></span> 
     </span>
     <span class='ocr_line' id='line_1_18' title="bbox 240 2034 1109 2112; baseline -0.005 -16"><span class='ocrx_word' id='word_1_118' title='bbox 240 2037 364 2112; x_wconf 84' lang='lat' dir='ltr'><strong>poribus,</strong></span> <span class='ocrx_word' id='word_1_119' title='bbox 392 2041 488 2094; x_wconf 85' lang='lat' dir='ltr'><strong>aetate</strong></span> <span class='ocrx_word' id='word_1_120' title='bbox 508 2035 660 2093; x_wconf 82' lang='lat' dir='ltr'><strong>interiores</strong></span> <span class='ocrx_word' id='word_1_121' title='bbox 685 2037 791 2108; x_wconf 83' lang='lat' dir='ltr'><strong>paullo,</strong></span> <span class='ocrx_word' id='word_1_122' title='bbox 817 2051 902 2108; x_wconf 79' lang='lat' dir='ltr'><strong>qnam</strong></span> <span class='ocrx_word' id='word_1_123' title='bbox 924 2034 1029 2101; x_wconf 88' lang='lat' dir='ltr'><strong>Julius,</strong></span> <span class='ocrx_word' id='word_1_124' title='bbox 1057 2035 1109 2092; x_wconf 90' lang='lat' dir='ltr'><strong>sed</strong></span> 
     </span>
     <span class='ocr_line' id='line_1_19' title="bbox 240 2132 1111 2207; baseline -0.003 -16"><span class='ocrx_word' id='word_1_125' title='bbox 240 2137 375 2207; x_wconf 77' lang='lat' dir='ltr'><strong>aequales</strong></span> <span class='ocrx_word' id='word_1_126' title='bbox 386 2133 587 2205; x_wconf 86' lang='lat' dir='ltr'><strong>propemodum</strong></span> <span class='ocrx_word' id='word_1_127' title='bbox 599 2133 712 2190; x_wconf 85' lang='lat' dir='ltr'><strong>luerunt</strong></span> <span class='ocrx_word' id='word_1_128' title='bbox 727 2132 762 2188; x_wconf 80' lang='lat'><strong>0.</strong></span> <span class='ocrx_word' id='word_1_129' title='bbox 778 2132 876 2199; x_wconf 78' lang='lat' dir='ltr'><strong>Ootte,</strong></span> <span class='ocrx_word' id='word_1_130' title='bbox 895 2133 930 2189; x_wconf 89' lang='grc' dir='ltr'><strong>Ρ.</strong></span> <span class='ocrx_word' id='word_1_131' title='bbox 952 2132 1111 2205; x_wconf 77' lang='lat' dir='ltr'><strong>Sulpicius,</strong></span> 
     </span>
    </p>

    <p class='ocr_par' dir='ltr' id='par_1_5' title="bbox 236 2229 1133 2694">
     <span class='ocr_line' id='line_1_20' title="bbox 242 2229 1110 2300; baseline 0.005 -16"><span class='ocrx_word' id='word_1_132' title='bbox 242 2232 279 2300; x_wconf 80' lang='lat' dir='ltr'><strong>Q.</strong></span> <span class='ocrx_word' id='word_1_133' title='bbox 297 2230 412 2294; x_wconf 83' lang='lat' dir='ltr'><strong>Varius,</strong></span> <span class='ocrx_word' id='word_1_134' title='bbox 428 2229 483 2285; x_wconf 81' lang='lat' dir='ltr'><strong>Cn.</strong></span> <span class='ocrx_word' id='word_1_135' title='bbox 496 2229 680 2300; x_wconf 86' lang='lat' dir='ltr'><strong>Pomponius,</strong></span> <span class='ocrx_word' id='word_1_136' title='bbox 702 2230 738 2286; x_wconf 74' lang='lat' dir='ltr'><strong>C.</strong></span> <span class='ocrx_word' id='word_1_137' title='bbox 752 2230 850 2298; x_wconf 72' lang='lat' dir='ltr'><strong>(lucio,</strong></span> <span class='ocrx_word' id='word_1_138' title='bbox 874 2232 910 2288; x_wconf 79' lang='lat' dir='ltr'><strong>L.</strong></span> <span class='ocrx_word' id='word_1_139' title='bbox 931 2230 1042 2298; x_wconf 80' lang='lat' dir='ltr'><strong>Fulius,</strong></span> <span class='ocrx_word' id='word_1_140' title='bbox 1066 2231 1110 2288; x_wconf 85' lang='lat' dir='ltr'><strong>M.</strong></span> 
     </span>
     <span class='ocr_line' id='line_1_21' title="bbox 242 2323 1112 2393; baseline 0.002 -9"><span class='ocrx_word' id='word_1_141' title='bbox 242 2328 361 2393; x_wconf 89' lang='lat' dir='ltr'><strong>Drusus,</strong></span> <span class='ocrx_word' id='word_1_142' title='bbox 381 2323 434 2382; x_wconf 73' lang='lat'><strong>³1³.</strong></span> <span class='ocrx_word' id='word_1_143' title='bbox 452 2324 604 2392; x_wconf 88' lang='lat' dir='ltr'><strong>Antistius,</strong></span> <span class='ocrx_word' id='word_1_144' title='bbox 625 2343 679 2382; x_wconf 88' lang='lat' dir='ltr'><strong>nec</strong></span> <span class='ocrx_word' id='word_1_145' title='bbox 700 2328 760 2384; x_wconf 84' lang='lat' dir='ltr'><strong>ulle</strong></span> <span class='ocrx_word' id='word_1_146' title='bbox 782 2333 879 2384; x_wconf 77' lang='lat' dir='ltr'><strong>estete</strong></span> <span class='ocrx_word' id='word_1_147' title='bbox 892 2327 1006 2386; x_wconf 79' lang='lat' dir='ltr'><strong>uberior</strong></span> <span class='ocrx_word' id='word_1_148' title='bbox 1018 2336 1112 2386; x_wconf 84' lang='lat' dir='ltr'><strong>orsio·</strong></span> 
     </span>
     <span class='ocr_line' id='line_1_22' title="bbox 242 2415 1112 2498; baseline 0.005 -18"><span class='ocrx_word' id='word_1_149' title='bbox 242 2441 304 2480; x_wconf 90' lang='lat' dir='ltr'><strong>rum</strong></span> <span class='ocrx_word' id='word_1_150' title='bbox 324 2424 415 2482; x_wconf 89' lang='lat' dir='ltr'><strong>loetus</strong></span> <span class='ocrx_word' id='word_1_151' title='bbox 428 2423 492 2480; x_wconf 87' lang='lat' dir='ltr'><strong>luit.</strong></span> <span class='ocrx_word' id='word_1_152' title='bbox 533 2423 580 2480; x_wconf 82' lang='lat' dir='ltr'><strong>Ex</strong></span> <span class='ocrx_word' id='word_1_153' title='bbox 595 2415 640 2480; x_wconf 79' lang='lat' dir='ltr'><strong>his</strong></span> <span class='ocrx_word' id='word_1_154' title='bbox 654 2423 741 2481; x_wconf 76' lang='lat' dir='ltr'><strong>Cotta</strong></span> <span class='ocrx_word' id='word_1_155' title='bbox 754 2430 784 2481; x_wconf 88' lang='lat' dir='ltr'><strong>et</strong></span> <span class='ocrx_word' id='word_1_156' title='bbox 804 2425 950 2498; x_wconf 87' lang='lat' dir='ltr'><strong>Sulpicius</strong></span> <span class='ocrx_word' id='word_1_157' title='bbox 964 2443 1030 2484; x_wconf 88' lang='lat' dir='ltr'><strong>cnm</strong></span> <span class='ocrx_word' id='word_1_158' title='bbox 1044 2444 1112 2484; x_wconf 86' lang='lat' dir='ltr'><strong>meo</strong></span> 
     </span>
     <span class='ocr_line' id='line_1_23' title="bbox 236 2521 1133 2596; baseline 0.007 -18"><span class='ocrx_word' id='word_1_159' title='bbox 236 2521 359 2594; x_wconf 85' lang='lat' dir='ltr'><strong>judicio,</strong></span> <span class='ocrx_word' id='word_1_160' title='bbox 386 2527 446 2579; x_wconf 91' lang='lat' dir='ltr'><strong>tum</strong></span> <span class='ocrx_word' id='word_1_161' title='bbox 469 2521 607 2588; x_wconf 90' lang='lat' dir='ltr'><strong>omnium,</strong></span> <span class='ocrx_word' id='word_1_162' title='bbox 632 2521 720 2579; x_wconf 85' lang='lat' dir='ltr'><strong>lecile</strong></span> <span class='ocrx_word' id='word_1_163' title='bbox 743 2523 849 2596; x_wconf 86' lang='lat' dir='ltr'><strong>primos</strong></span> <span class='ocrx_word' id='word_1_164' title='bbox 873 2525 1009 2584; x_wconf 88' lang='lat' dir='ltr'><strong>tulerunt.</strong></span> <span class='ocrx_word' id='word_1_165' title='bbox 1051 2525 1133 2586; x_wconf 56' lang='lat' dir='ltr'><strong>uic*</strong></span> 
     </span>
     <span class='ocr_line' id='line_1_24' title="bbox 245 2619 1111 2694; baseline 0.002 -16"><span class='ocrx_word' id='word_1_166' title='bbox 245 2620 536 2692; x_wconf 61' lang='lat' dir='ltr'><strong>Atticosquomodo</strong></span> <span class='ocrx_word' id='word_1_167' title='bbox 548 2619 623 2676; x_wconf 86' lang='lat' dir='ltr'><strong>istuc</strong></span> <span class='ocrx_word' id='word_1_168' title='bbox 636 2619 720 2686; x_wconf 88' lang='lat' dir='ltr'><strong>dicis,</strong></span> <span class='ocrx_word' id='word_1_169' title='bbox 733 2620 835 2694; x_wconf 87' lang='lat' dir='ltr'><strong>inquit,</strong></span> <span class='ocrx_word' id='word_1_170' title='bbox 849 2638 916 2678; x_wconf 91' lang='lat' dir='ltr'><strong>cum</strong></span> <span class='ocrx_word' id='word_1_171' title='bbox 929 2627 978 2678; x_wconf 92' lang='lat' dir='ltr'><strong>tuo</strong></span> <span class='ocrx_word' id='word_1_172' title='bbox 985 2622 1111 2694; x_wconf 75' lang='lat' dir='ltr'><strong>Judicio,</strong></span> 
     </span>
    </p>

    <p class='ocr_par' dir='ltr' id='par_1_6' title="bbox 136 2703 1223 3183">
     <span class='ocr_line' id='line_1_25' title="bbox 136 2703 1223 2792; baseline -0.001 -15"><span class='ocrx_word' id='word_1_173' title='bbox 136 2705 139 2720; x_wconf 81' lang='lat'>&#39;</span> <span class='ocrx_word' id='word_1_174' title='bbox 245 2723 305 2779; x_wconf 87' lang='lat' dir='ltr'><strong>tum</strong></span> <span class='ocrx_word' id='word_1_175' title='bbox 319 2715 469 2777; x_wconf 85' lang='lat' dir='ltr'><strong>omniurn?</strong></span> <span class='ocrx_word' id='word_1_176' title='bbox 489 2717 681 2791; x_wconf 82' lang='lat' dir='ltr'><strong>sempernein</strong></span> <span class='ocrx_word' id='word_1_177' title='bbox 694 2725 807 2776; x_wconf 81' lang='lat' dir='ltr'><strong>oratore</strong></span> <span class='ocrx_word' id='word_1_178' title='bbox 827 2703 983 2792; x_wconf 79' lang='lat' dir='ltr'><strong>prebendo,</strong></span> <span class='ocrx_word' id='word_1_179' title='bbox 997 2725 1047 2778; x_wconf 85' lang='lat' dir='ltr'><strong>eut</strong></span> <span class='ocrx_word' id='word_1_180' title='bbox 1060 2721 1114 2776; x_wconf 88' lang='lat' dir='ltr'><strong>im·</strong></span> <span class='ocrx_word' id='word_1_181' title='bbox 1222 2717 1223 2726; x_wconf 51' lang='lat'><em>³</em></span> 
     </span>
     <span class='ocr_line' id='line_1_26' title="bbox 246 2809 1115 2898; baseline -0.005 -18"><span class='ocrx_word' id='word_1_182' title='bbox 246 2822 401 2898; x_wconf 88' lang='lat' dir='ltr'><strong>probando,</strong></span> <span class='ocrx_word' id='word_1_183' title='bbox 416 2809 499 2892; x_wconf 84' lang='lat' dir='ltr'><strong>vulgi</strong></span> <span class='ocrx_word' id='word_1_184' title='bbox 511 2817 654 2890; x_wconf 75' lang='lat' dir='ltr'><strong>judicium</strong></span> <span class='ocrx_word' id='word_1_185' title='bbox 674 2835 740 2874; x_wconf 89' lang='lat' dir='ltr'><strong>oum</strong></span> <span class='ocrx_word' id='word_1_186' title='bbox 760 2817 987 2892; x_wconf 82' lang='lat' dir='ltr'><strong>intelligentium</strong></span> <span class='ocrx_word' id='word_1_187' title='bbox 998 2819 1115 2891; x_wconf 84' lang='lat' dir='ltr'><strong>judicio</strong></span> 
     </span>
     <span class='ocr_line' id='line_1_27' title="bbox 246 2915 1114 2994; baseline -0.003 -18"><span class='ocrx_word' id='word_1_188' title='bbox 246 2915 394 2994; x_wconf 76' lang='lat' dir='ltr'><strong>eongnritt</strong></span> <span class='ocrx_word' id='word_1_189' title='bbox 407 2917 455 2975; x_wconf 87' lang='lat' dir='ltr'><strong>An</strong></span> <span class='ocrx_word' id='word_1_190' title='bbox 465 2916 516 2974; x_wconf 83' lang='lat' dir='ltr'><strong>alii</strong></span> <span class='ocrx_word' id='word_1_191' title='bbox 524 2917 678 2988; x_wconf 83' lang='lat' dir='ltr'><strong>probentur</strong></span> <span class='ocrx_word' id='word_1_192' title='bbox 688 2916 1066 2983; x_wconf 81' lang='lat' dir='ltr'><strong>emrrltiludine,eliiautem</strong></span> <span class='ocrx_word' id='word_1_193' title='bbox 1075 2917 1114 2974; x_wconf 83' lang='lat' dir='ltr'><strong>ob</strong></span> 
     </span>
     <span class='ocr_line' id='line_1_28' title="bbox 247 3011 1222 3090; baseline -0.001 -17"><span class='ocrx_word' id='word_1_194' title='bbox 247 3018 293 3084; x_wconf 88' lang='lat' dir='ltr'><strong>iis,</strong></span> <span class='ocrx_word' id='word_1_195' title='bbox 302 3011 540 3090; x_wconf 85' lang='lat' dir='ltr'><strong>quiintelligunt?</strong></span> <span class='ocrx_word' id='word_1_196' title='bbox 555 3013 648 3068; x_wconf 85' lang='lat' dir='ltr'><strong>Recte</strong></span> <span class='ocrx_word' id='word_1_197' title='bbox 657 3013 785 3086; x_wconf 86' lang='lat' dir='ltr'><strong>requiris,</strong></span> <span class='ocrx_word' id='word_1_198' title='bbox 794 3014 918 3088; x_wconf 76' lang='lat' dir='ltr'><strong>inquam,</strong></span> <span class='ocrx_word' id='word_1_199' title='bbox 930 3015 1032 3072; x_wconf 84' lang='lat' dir='ltr'><strong>Attice</strong></span> <span class='ocrx_word' id='word_1_200' title='bbox 1042 3035 1049 3070; x_wconf 74' lang='grc' dir='ltr'><strong><em>ε</em></strong></span> <span class='ocrx_word' id='word_1_201' title='bbox 1060 3015 1114 3072; x_wconf 85' lang='lat' dir='ltr'><strong>sed</strong></span> <span class='ocrx_word' id='word_1_202' title='bbox 1221 3017 1222 3032; x_wconf 64' lang='lat'>¹</span> 
     </span>
     <span class='ocr_line' id='line_1_29' title="bbox 246 3111 1114 3183; baseline 0.002 -14"><span class='ocrx_word' id='word_1_203' title='bbox 246 3115 347 3170; x_wconf 73' lang='lat' dir='ltr'><strong>audies</strong></span> <span class='ocrx_word' id='word_1_204' title='bbox 360 3129 398 3168; x_wconf 90' lang='lat' dir='ltr'><strong>ex</strong></span> <span class='ocrx_word' id='word_1_205' title='bbox 407 3129 454 3168; x_wconf 91' lang='lat' dir='ltr'><strong>me</strong></span> <span class='ocrx_word' id='word_1_206' title='bbox 467 3111 594 3175; x_wconf 80' lang='lat' dir='ltr'><strong>tortasse,</strong></span> <span class='ocrx_word' id='word_1_207' title='bbox 608 3112 683 3182; x_wconf 92' lang='lat' dir='ltr'><strong>quod</strong></span> <span class='ocrx_word' id='word_1_208' title='bbox 702 3127 761 3166; x_wconf 91' lang='lat' dir='ltr'><strong>non</strong></span> <span class='ocrx_word' id='word_1_209' title='bbox 774 3128 874 3168; x_wconf 85' lang='lat' dir='ltr'><strong>omnes</strong></span> <span class='ocrx_word' id='word_1_210' title='bbox 885 3113 1016 3183; x_wconf 80' lang='lat' dir='ltr'><strong>probent</strong></span> <span class='ocrx_word' id='word_1_211' title='bbox 1041 3111 1114 3172; x_wconf 72' lang='lat' dir='ltr'><strong>”An</strong></span> 
     </span>
    </p>

    <p class='ocr_par' dir='ltr' id='par_1_7' title="bbox 251 3194 1220 3446">
     <span class='ocr_line' id='line_1_30' title="bbox 491 3194 508 3221; baseline 0 0"><span class='ocrx_word' id='word_1_212' title='bbox 491 3194 508 3221; x_wconf 75' lang='grc' dir='ltr'>Ἰ</span> 
     </span>
     <span class='ocr_line' id='line_1_31' title="bbox 266 3259 1116 3334; baseline 0.006 -29"><span class='ocrx_word' id='word_1_213' title='bbox 266 3264 290 3305; x_wconf 78' lang='lat'><strong>,⁸</strong></span> <span class='ocrx_word' id='word_1_214' title='bbox 305 3261 336 3334; x_wconf 49' lang='lat' dir='ltr'><strong>P,</strong></span> <span class='ocrx_word' id='word_1_215' title='bbox 346 3262 479 3332; x_wconf 60' lang='lat' dir='ltr'><strong>distictione]</strong></span> <span class='ocrx_word' id='word_1_216' title='bbox 507 3259 542 3330; x_wconf 74' lang='lat' dir='ltr'><strong>Sic</strong></span> <span class='ocrx_word' id='word_1_217' title='bbox 552 3261 620 3306; x_wconf 81' lang='lat' dir='ltr'><strong>exed.</strong></span> <span class='ocrx_word' id='word_1_218' title='bbox 628 3260 694 3306; x_wconf 88' lang='lat' dir='ltr'><strong>Rom.</strong></span> <span class='ocrx_word' id='word_1_219' title='bbox 706 3261 795 3307; x_wconf 83' lang='lat' dir='ltr'><strong>rescribi</strong></span> <span class='ocrx_word' id='word_1_220' title='bbox 806 3263 876 3308; x_wconf 90' lang='lat' dir='ltr'><strong>voluit</strong></span> <span class='ocrx_word' id='word_1_221' title='bbox 886 3262 972 3332; x_wconf 75' lang='lat' dir='ltr'><strong>Rivius,</strong></span> <span class='ocrx_word' id='word_1_222' title='bbox 988 3279 1037 3310; x_wconf 79' lang='lat' dir='ltr'><strong>nnn</strong></span> <span class='ocrx_word' id='word_1_223' title='bbox 1056 3269 1116 3311; x_wconf 85' lang='lat' dir='ltr'><strong>esset</strong></span> 
     </span>
     <span class='ocr_line' id='line_1_32' title="bbox 251 3319 1220 3446; baseline -0.002 -18"><span class='ocrx_word' id='word_1_224' title='bbox 251 3319 1036 3446; x_wconf 44' lang='lat' dir='ltr'><strong>ii&#39;ifflffifflffe&#39;m&#39;ffiagtfddnrMmffv&#39;iuYessuieff&#39;miglis</strong></span> <span class='ocrx_word' id='word_1_225' title='bbox 1055 3337 1119 3428; x_wconf 48' lang='lat' dir='ltr'><strong>nii?</strong></span> <span class='ocrx_word' id='word_1_226' title='bbox 1219 3365 1220 3390; x_wconf 59' lang='lat'><strong>¹</strong></span> 
     </span>
    </p>
   </div>
   <div class='ocr_carea' id='block_1_3' title="bbox 251 3433 1119 3546">
    <p class='ocr_par' dir='ltr' id='par_1_8' title="bbox 251 3433 1119 3546">
     <span class='ocr_line' id='line_1_33' title="bbox 251 3433 1119 3544; baseline 0.001 -59"><span class='ocrx_word' id='word_1_227' title='bbox 251 3436 351 3544; x_wconf 50' lang='lat' dir='ltr'><strong>mallabat</strong></span> <span class='ocrx_word' id='word_1_228' title='bbox 367 3437 397 3483; x_wconf 85' lang='grc' dir='ltr'><strong>Ρ.</strong></span> <span class='ocrx_word' id='word_1_229' title='bbox 413 3435 527 3482; x_wconf 63' lang='lat' dir='ltr'><strong>Amnes:</strong></span> <span class='ocrx_word' id='word_1_230' title='bbox 542 3435 601 3497; x_wconf 86' lang='lat' dir='ltr'><strong>quod</strong></span> <span class='ocrx_word' id='word_1_231' title='bbox 619 3433 741 3482; x_wconf 86' lang='lat' dir='ltr'><strong>nihilesset</strong></span> <span class='ocrx_word' id='word_1_232' title='bbox 751 3436 844 3483; x_wconf 80' lang='lat' dir='ltr'><strong>intrude</strong></span> <span class='ocrx_word' id='word_1_233' title='bbox 863 3435 968 3484; x_wconf 84' lang='lat' dir='ltr'><strong>Antistio.</strong></span> <span class='ocrx_word' id='word_1_234' title='bbox 999 3439 1071 3500; x_wconf 80' lang='lat' dir='ltr'><strong>Atqui</strong></span> <span class='ocrx_word' id='word_1_235' title='bbox 1082 3444 1119 3486; x_wconf 80' lang='lat' dir='ltr'><strong>est</strong></span> 
     </span>
     <span class='ocr_line' id='line_1_34' title="bbox 253 3511 717 3546; baseline 0.002 -27"><span class='ocrx_word' id='word_1_236' title='bbox 253 3513 273 3546; x_wconf 39' lang='lat' dir='ltr'><strong>c·</strong></span> <span class='ocrx_word' id='word_1_237' title='bbox 294 3517 319 3543; x_wconf 37' lang='lat'><strong>‚¹</strong></span> <span class='ocrx_word' id='word_1_238' title='bbox 701 3511 717 3520; x_wconf 94' lang='grc'><strong>.,</strong></span> 
     </span>
    </p>
   </div>
   <div class='ocr_carea' id='block_1_4' title="bbox 198 3571 1219 3691">
    <p class='ocr_par' dir='ltr' id='par_1_9' title="bbox 198 3571 1219 3691">
     <span class='ocr_line' id='line_1_35' title="bbox 281 3571 1119 3632; baseline 0 -10"><span class='ocrx_word' id='word_1_239' title='bbox 281 3577 293 3609; x_wconf 78' lang='lat'><strong>⁹</strong></span> <span class='ocrx_word' id='word_1_240' title='bbox 307 3577 380 3622; x_wconf 79' lang='lat' dir='ltr'><strong>Anto</strong></span> <span class='ocrx_word' id='word_1_241' title='bbox 393 3599 404 3609; x_wconf 92' lang='lat'><strong>·</strong></span> <span class='ocrx_word' id='word_1_242' title='bbox 416 3598 427 3608; x_wconf 89' lang='lat'><em>·</em></span> <span class='ocrx_word' id='word_1_243' title='bbox 440 3571 466 3618; x_wconf 82' lang='lat' dir='ltr'><strong>id</strong></span> <span class='ocrx_word' id='word_1_244' title='bbox 475 3571 576 3632; x_wconf 67' lang='lat' dir='ltr'><strong>urbem]</strong></span> <span class='ocrx_word' id='word_1_245' title='bbox 607 3571 714 3618; x_wconf 72' lang='lat' dir='ltr'><strong>uuvssn.</strong></span> <span class='ocrx_word' id='word_1_246' title='bbox 727 3571 792 3618; x_wconf 83' lang='lat' dir='ltr'><strong>Med.</strong></span> <span class='ocrx_word' id='word_1_247' title='bbox 805 3573 917 3626; x_wconf 64' lang='lat' dir='ltr'><strong>womero,</strong></span> <span class='ocrx_word' id='word_1_248' title='bbox 932 3573 994 3620; x_wconf 81' lang='lat' dir='ltr'><strong>Junt</strong></span> <span class='ocrx_word' id='word_1_249' title='bbox 1013 3575 1067 3622; x_wconf 89' lang='lat' dir='ltr'><strong>Ald.</strong></span> <span class='ocrx_word' id='word_1_250' title='bbox 1078 3576 1119 3621; x_wconf 71' lang='lat' dir='ltr'><strong>aa·</strong></span> 
     </span>
     <span class='ocr_line' id='line_1_36' title="bbox 198 3629 1219 3691; baseline 0 -11"><span class='ocrx_word' id='word_1_251' title='bbox 198 3646 205 3657; x_wconf 78' lang='grc'><em>’</em></span> <span class='ocrx_word' id='word_1_252' title='bbox 253 3633 387 3682; x_wconf 74' lang='lat' dir='ltr'><strong>lotomuet.</strong></span> <span class='ocrx_word' id='word_1_253' title='bbox 398 3631 455 3680; x_wconf 84' lang='lat' dir='ltr'><strong>unde</strong></span> <span class='ocrx_word' id='word_1_254' title='bbox 463 3633 610 3678; x_wconf 82' lang='lat' dir='ltr'><strong>monusdocta</strong></span> <span class='ocrx_word' id='word_1_255' title='bbox 620 3629 642 3682; x_wconf 87' lang='lat' dir='ltr'><strong>in</strong></span> <span class='ocrx_word' id='word_1_256' title='bbox 652 3631 749 3687; x_wconf 73' lang='lat' dir='ltr'><strong>margine</strong></span> <span class='ocrx_word' id='word_1_257' title='bbox 756 3631 850 3691; x_wconf 84' lang='lat' dir='ltr'><strong>exempli</strong></span> <span class='ocrx_word' id='word_1_258' title='bbox 857 3630 900 3678; x_wconf 86' lang='lat' dir='ltr'><strong>mei</strong></span> <span class='ocrx_word' id='word_1_259' title='bbox 909 3631 963 3677; x_wconf 87' lang='lat' dir='ltr'><strong>lecit</strong></span> <span class='ocrx_word' id='word_1_260' title='bbox 973 3633 1091 3680; x_wconf 77' lang='lat' dir='ltr'><strong>edtetons</strong></span> <span class='ocrx_word' id='word_1_261' title='bbox 1098 3635 1121 3679; x_wconf 81' lang='lat' dir='ltr'><strong>st</strong></span> <span class='ocrx_word' id='word_1_262' title='bbox 1218 3649 1219 3658; x_wconf 58' lang='lat'>¹</span> 
     </span>
    </p>
   </div>
   <div class='ocr_carea' id='block_1_5' title="bbox 0 0 1247 4184">
    <p class='ocr_par' dir='ltr' id='par_1_10' title="bbox 0 0 1247 4184">
     <span class='ocr_line' id='line_1_37' title="bbox 0 0 1247 4184; baseline 0 0"><span class='ocrx_word' id='word_1_263' title='bbox 0 0 1247 4184; x_wconf 95' lang='lat' dir='ltr'><strong> </strong></span> 
     </span>
    </p>
   </div>
  </div>
 </body>
</html>
