2444 4194
488 339 633 388 cruror„-
933 343 989 406 15¹

122 503 208 563 quam
231 487 356 546 enimet
376 487 540 562 philosophi
559 487 675 560 quidam
695 488 797 542 ornate
818 485 907 544 locuti
919 493 994 556 sunt,

122 583 285 665 (siqnidem
295 594 325 644 et
340 587 558 660 Theophrastus
569 583 727 642 divinitate
739 583 876 660 loquendi
889 599 996 644 nomen

125 683 252 754 invenit,
267 691 297 742 et
312 685 486 743 Aristoteles
507 685 665 741 Isocratem
679 683 774 758 ipsum
793 681 959 752 lacessivih'
967 689 998 743 et

125 783 333 858 Xenophontis
356 802 430 842 voce
458 783 559 840 Musas
582 783 664 858 quasi
686 785 797 840 locutas
825 783 936 842 lerunt:
967 787 999 842 et

125 885 213 956 longe
226 883 366 950 omnium,
380 883 551 958 quicumque
565 881 741 955 scripserunt
754 885 804 939 aut
817 881 907 940 locuti
921 888 998 951 sunt,

124 979 271 1039 ⁴‘exstitit
285 986 314 1040 et
334 982 479 1056 gravitate
499 981 634 1054 princeps
650 977 875 1058 Pterophorou
895 983 998 1040 horum

125 1082 219 1138 oratio
233 1099 326 1156 neque
342 1097 458 1147 nervos,
470 1098 565 1154 neque
579 1082 696 1136 aculeos
710 1081 848 1136 oratorios
859 1097 893 1136 ac
907 1081 999 1138 loren-

126 1197 172 1237 ses
198 1181 295 1237 habet.
344 1182 516 1253 Loquuntur
536 1196 602 1235 curn
624 1179 728 1246 doctis,
752 1195 871 1254 quorum
897 1181 998 1237 sedare

127 1279 239 1336 animos
253 1281 374 1346 malunt,
389 1295 474 1352 quern
488 1277 620 1347 incitare.
642 1277 685 1335 sic
705 1279 742 1334 de
761 1280 844 1335 rebus
865 1278 997 1353 placatis.

126 1395 161 1435 ae
184 1377 306 1435 minime
320 1377 501 1444 turbulentis,
521 1377 648 1434 docendi
662 1393 758 1446 causa,
778 1396 837 1435 non
852 1377 997 1453 capiendi,

125 1479 300 1550 loquuntur:
321 1475 398 1532 utin
412 1493 448 1532 eo
460 1475 533 1550 ipso,
543 1478 617 1552 quod
631 1477 857 1536 delectationem
870 1479 997 1553 aliquam

126 1573 259 1632 dicendo
273 1580 457 1648 aucupentur,
472 1579 534 1649 plue
549 1577 704 1644 nonnullis,
716 1595 801 1651 quam
815 1595 937 1634 necesse
950 1578 997 1646 sit,

128 1674 227 1730 lacere
241 1673 402 1731 videantur.
444 1675 522 1748 Ergo
540 1677 577 1730 ab
598 1675 654 1731 hoc
677 1693 783 1748 genere
805 1692 865 1732 nou
879 1675 997 1734 difficile

129 1777 175 1829 est
195 1773 272 1829 hene
286 1773 493 1846 eloquentiam,
507 1774 544 1828 rie
559 1789 614 1847 qua
629 1791 706 1830 nunc
720 1773 823 1848 agitur,
837 1791 997 1832 secernere.

128 1869 231 1929 Mollis
246 1875 291 1927 est
304 1871 383 1926 enim
408 1869 502 1926 oratio
524 1870 767 1943 philosophorum,
788 1877 819 1928 et
832 1873 1001 1940 umbratilis,

127 1988 186 2029 nec
198 1967 430 2035 sententiissnee
443 1966 539 2023 verbis
550 1967 689 2025 instructa
702 1970 895 2042 popularibus,
914 1969 935 2002 ⁴⁵
945 1985 1001 2028 nec

126 2069 233 2126 vincta
248 2066 383 2134 numeris,
394 2067 447 2122 sed
460 2067 556 2122 soluta
567 2063 693 2123 liberius.
708 2057 781 2125 nihil
793 2067 896 2126 iratum
905 2069 1001 2138 hebet,
1091 2102 1108 2108 —

86 2195 89 2198 ·
126 2166 201 2224 nihil
216 2163 358 2234 invidum,
379 2165 454 2222 nihil
478 2169 571 2232 atrox,
585 2164 659 2223 nihil
683 2167 824 2236 mirabile,
839 2167 911 2226 nihil
927 2175 1001 2228 astu-

128 2271 204 2323 tum:
226 2269 314 2332 casta,
327 2265 502 2332 verecunda,
512 2263 594 2340 virgo
604 2265 770 2340 incorrupta
780 2269 999 2342 quodammodo.

128 2363 231 2438 ltaque
242 2381 336 2421 sermo
345 2359 451 2438 potius,
460 2381 545 2438 quam
554 2364 657 2432 oratio,
668 2365 783 2423 dicitur.
819 2367 1000 2442 Quamquam

129 2463 208 2520 enim
222 2462 317 2519 omnis
337 2461 448 2519 locutio
470 2463 562 2519 oratio
584 2467 637 2530 cst,
657 2467 755 2520 tamen
776 2464 860 2520 unius
880 2465 1001 2524 oratoris

129 2561 238 2618 locutio
258 2557 344 2618 ⁴‘’hoc
359 2554 473 2634 proprie
493 2559 607 2634 signata
626 2561 744 2619 nomine
759 2565 812 2618 est.
854 2563 1001 2636 Sophiste·

157 2715 180 2748 44
195 2714 428 2774 mstititetgrooitute.
471 2713 504 2760 Et
562 2713 657 2762 icionem
665 2715 725 2772 lecit,
735 2717 831 2764 alterum
841 2717 1003 2766 substantivum

128 2773 240 2830 excidisse,
251 2775 310 2821 uude
320 2773 406 2820 addunt
445 2787 519 2834 saep.
557 2778 601 2819 rut.
614 2775 748 2822 uauuute
754 2793 764 2832 ,·
778 2773 900 2822 Lambinus
910 2781 930 2820 et
938 2777 1004 2822 uler-

129 2837 176 2878 tote.
210 2834 234 2879 Si
252 2838 272 2880 el
290 2833 401 2892 intelligas
416 2832 490 2888 stim
509 2829 566 2878 nihil
584 2831 649 2878 desit.
685 2833 775 2893 Nempe
794 2833 962 2894 Theophrastus
980 2833 1004 2882 et

129 2891 236 2939 lmcrates
245 2891 309 2952 copia
319 2896 342 2939 et
352 2890 470 2949 suavitate,
483 2891 551 2938 Plato
560 2889 629 2937 etiam
639 2889 749 2950 grauitate
759 2891 871 2938 excelluit.

156 2970 179 3002 ⁴⁵
192 2985 234 3016 nec
243 2970 316 3016 pisseto
326 2970 445 3030 numme]
477 2967 512 3016 Sic
522 2967 582 3015 edidi
592 2983 633 3030 pro
642 2969 836 3028 vulgatojuoctc:
850 2969 902 3031 quia
912 2973 945 3018 est
954 2987 1003 3034 prc-

126 3028 201 3088 prium
210 3028 233 3074 in
243 3043 271 3074 ea
280 3033 376 3090 recipe
416 3032 479 3076 tuum
488 3027 602 3074 Ciceronis
612 3027 713 3084 verbum,
722 3029 781 3089 quod
790 3033 815 3074 et
822 3035 926 3092 accumte
935 3033 1003 3082 verbo

128 3088 200 3133 soluta
220 3088 346 3148 opponitur.
401 3089 453 3134 erbo
484 3087 560 3133 uidem
575 3085 677 3134 dicuntur
690 3087 768 3146 jungi,
784 3091 809 3135 ut
824 3103 875 3136 mox
889 3105 937 3152 cap.
956 3107 1001 3155 seq.

127 3145 172 3192 Sed
183 3159 228 3192 non
237 3146 345 3203 numeris,
360 3159 436 3192 venun
451 3103 582 3192 mitocoodo
596 3145 636 3203 ita,
647 3149 672 3192 ut
681 3161 709 3193 ne
719 3147 798 3194 ultima
813 3153 836 3194 et
845 3149 916 3210 prima
925 3165 1004 3212 aspere

127 3209 268 3261 concurrant,
284 3209 324 3251 aut
341 3207 378 3250 liat
394 3205 473 3262 hiatus,
489 3209 531 3251 etc.
543 3205 638 3252 numeris
653 3211 728 3252 autem
743 3205 838 3254 vincitur
851 3209 931 3266 oratio,
948 3211 1004 3257 sicut

128 3277 141 3308 a
157 3263 188 3309 ud
203 3267 285 3324 poetas
299 3263 400 3320 maxime,
417 3263 448 3308 sio
461 3267 485 3310 et
500 3275 540 3310 suo
551 3265 619 3311 modo
627 3265 687 3326 apud
696 3269 802 3312 oratores.
834 3267 888 3314 Post
897 3273 921 3314 et
930 3283 948 3315 c.
964 3273 1001 3316 23.

148 3336 188 3368 are
204 3327 255 3368 suut
272 3323 348 3368 vinclo
362 3335 515 3370 nummum.
547 3325 572 3370 ln
592 3325 634 3370 hac
648 3328 712 3370 tante
727 3323 841 3372 evidentia
857 3341 947 3374 necesse
961 3327 1004 3373 luit

128 3379 229 3440 recipere
238 3380 320 3436 uincto,
330 3379 374 3426 etsi
382 3379 449 3426 nullis
457 3380 517 3426 libris
525 3383 657 3430 auctoribus.
686 3382 764 3430 Vim
773 3389 797 3430 et
801 3384 884 3442 juncto
893 3399 968 3446 saepe,
978 3389 1004 3430 ut

126 3438 160 3484 vis
174 3445 199 3484 et
208 3439 251 3497 jus
260 3443 414 3500 permutantur
427 3437 450 3484 in
463 3440 514 3486 edd.
525 3455 558 3509 pr.
590 3441 627 3488 Sic
637 3457 703 3504 supra
717 3457 737 3489 e.
756 3445 790 3490 la.
809 3443 832 3490 in
846 3449 894 3491 orte
909 3443 1004 3501 modom

127 3497 226 3544 ainzim
236 3499 310 3554 nerto,
321 3497 356 3544 ed.
367 3497 434 3544 Med.
446 3497 628 3557 habetyuueisse.

157 3575 180 3608 ro
194 3575 233 3620 hoc
240 3576 332 3633 proprio
346 3576 433 3633 sigrmtu
442 3580 473 3622 est
486 3578 592 3638 omisisse]
625 3578 716 3640 Scripsit
729 3579 776 3626 sine
785 3579 853 3626 dubio
862 3578 942 3624 Cicero
953 3589 1005 3634 pre

125 3635 189 3738 {Isiu
199 3637 261 3695 quod
272 3639 296 3680 et
305 3634 359 3682 alibi
369 3635 391 3681 in
400 3635 534 3692 sdjeeuvm
544 3641 651 3684 mutatum
662 3638 794 3695 notavimus,
804 3637 859 3684 sinu
869 3635 914 3682 alie
926 3635 1005 3682 adver·

153 3708 173 3739 a.
