2474 4188
512 299 647 374 saurus.
971 327 1013 390 13

140 473 231 520 unum
259 466 475 530 aesomnium
501 471 717 531 difficillimam:
738 472 838 552 quibus
864 473 942 531 enim
971 487 1011 530 ex

142 560 269 638 quinque
282 566 367 622 rebus
387 573 519 625 constare
532 569 646 638 dicitur,
659 588 757 628 earum
769 585 952 646 unaquaeque
965 575 1011 628 est

140 676 186 716 ars
212 663 277 735 ipsa
303 681 409 739 magna
436 683 492 740 per
511 685 584 724 sese.
632 671 728 742 Quare
753 668 881 742 'quinque
908 668 1011 724 artium

140 775 297 819 concursus
321 764 521 833 marianarum,
537 771 673 840 quantam
695 767 766 833 vim,
788 766 808 798 ¹¹
817 770 1010 842 quantamque

140 855 340 918 difficultatem
360 863 496 931 habeant,
518 865 678 922 existimari
698 870 802 939 potest.
845 864 946 924 Testis
966 857 1041 920 esti⁵

142 953 281 1027 Graecia,
305 977 378 1033 quae
405 977 471 1018 cunr
498 963 799 1037 eloquentiae-studio
822 962 860 1020 sit
879 961 1011 1029 incensa,

134 1053 307 1129 ,iamdiuque
326 1059 453 1114 excellat
471 1060 503 1116 in
517 1079 563 1127 aa,
583 1066 764 1134 praestetque
778 1061 892 1128 ceteris,
910 1065 1010 1116 tamen

139 1169 242 1210 ornnes
263 1159 339 1212 artes
366 1159 538 1214 vetustiores
563 1157 660 1225 habet,
686 1163 717 1214 ct
744 1159 834 1215 multo
860 1162 928 1214 ante
950 1173 1011 1214 non

139 1251 279 1309 inventas
299 1255 400 1322 solum,
414 1257 466 1310 sed
480 1255 568 1312 etiam
582 1253 733 1328 perlectas,
746 1274 831 1330 quam
843 1256 919 1312 haec
933 1259 1009 1312 esta

140 1349 265 1407 Graecis
279 1352 425 1409 elaborata
438 1353 556 1410 dicendi
570 1354 625 1422 vis,
638 1359 725 1428 atque
738 1353 831 1427 copia.
873 1355 909 1412 ln
922 1371 1008 1428 quarn

138 1465 207 1505 cum
217 1449 341 1518 intueor,
354 1451 482 1508 maxime
496 1451 569 1508 mihi
582 1459 744 1521 occurrunt,
757 1453 869 1520 Attice,
882 1457 912 1510 et
925 1451 1008 1527 quasi

137 1549 240 1606 lucent
256 1551 390 1608 Athenae
411 1556 497 1608 tuae:
518 1570 573 1626 qua
591 1535 706 1611 inurbe
725 1554 847 1628 primum
860 1571 892 1610 se
912 1559 1007 1612 orator

138 1647 255 1716 extulit,
265 1648 442 1724 primumque
454 1640 542 1708 etiam
556 1652 749 1710 monumentis
760 1658 790 1710 et
799 1651 904 1711 litteris
914 1651 1007 1710 oratio

111 1733 183 1804 'eat
205 1753 310 1821 coepta
334 1748 473 1806 mandari.
514 1751 631 1809 Tamen
654 1755 723 1808 ante
747 1751 901 1819 Periclem,
923 1753 1005 1826 cujus

119 1845 245 1918 scripta
265 1849 406 1920 quaedam
427 1847 562 1918 temntur,
585 1855 616 1908 et
639 1849 857 1924 Thucydidem,
875 1849 923 1924 qul
945 1867 1005 1906 non

135 1943 327 2000 nascentibus
343 1947 479 2016 Athenis,
498 1951 548 2005 sad
564 1949 627 2020 jam
641 1949 745 2005 adultis
766 1949 891 2013 fuerunt,
908 1948 1007 2005 littera

133 2045 295 2108 nullaesa
315 2059 389 2116 quac
409 2043 524 2118 quidem
539 2049 671 2104 ornatum
691 2045 815 2119 aliquem
838 2045 954 2110 habeat,
976 2050 1008 2104 et

134 2141 258 2199 oratoris
286 2158 351 2196 esse
380 2141 519 2200 videatur.
562 2144 743 2218 Quamquam
770 2144 870 2218 opinio
895 2147 948 2212 est,
975 2147 1006 2234 et

135 2257 211 2307 eum,
225 2239 275 2314 qui
294 2239 391 2296 multis
405 2241 490 2297 annis
503 2246 572 2298 anta
589 2243 641 2297 bos
655 2241 748 2308 tuerit,
763 2243 953 2310 Pisistratum,
973 2245 1005 2300 et

136 2341 235 2412 paullo
256 2338 399 2397 seniorem
420 2339 509 2396 etiam
532 2340 679 2408 Solonem,
701 2343 856 2414 posteaque
878 2339 1003 2398 Clisthe-

123 2455 211 2505 nam,
230 2439 360 2505 multum,
380 2442 412 2495 ut
432 2438 605 2511 temporibus
626 2438 694 2506 illis,
718 2439 844 2496 valuisse
863 2438 999 2496 dicendo.

118 2605 120 2611 Ι
137 2535 208 2593 Post
222 2536 298 2594 hanc
312 2541 438 2593 aetatem
451 2536 559 2612 aliquot
575 2536 668 2604 annis,
682 2541 714 2594 ut
728 2555 765 2594 ex
781 2535 891 2594 Atticis
905 2555 1004 2607 monu-

133 2629 238 2691 mentis
251 2640 347 2707 potest
359 2634 494 2707 perspici,
509 2634 727 2692 Themistocles
742 2634 814 2705 tuit;
835 2653 921 2710 quem
934 2652 1002 2694 cou-

131 2737 187 2790 stct
200 2749 266 2790 cum
278 2731 441 2805 prodentia,
449 2733 510 2787 tum
523 2733 612 2788 etiam
626 2735 797 2806 eloquentia
808 2733 1001 2806 praestitisse:

131 2835 195 2904 post
210 2831 348 2897 Pericles,
368 2829 498 2904 quicum
519 2829 633 2884 floreret
653 2829 733 2885 omni
753 2847 860 2902 genera
879 2830 1003 2900 virtutis,

130 2931 189 2986 hac
213 2933 313 2984 tamen
338 2927 393 2984 luit
412 2927 497 2984 laude
519 2925 706 2984 clarissimus.
748 2927 891 2984 Cleonem
914 2928 1004 2987 etiam

133 3027 311 3100 temporibus
337 3017 406 3092 illis,
430 3026 626 3082 turbulentum
649 3023 731 3082 illum
755 3024 869 3100 quidem
896 3025 1002 3106 civem,

131 3127 182 3184 sed
204 3130 302 3182 tamen
324 3125 508 3198 eloquentem
529 3126 645 3184 constat
670 3122 769 3181 luisse.
811 3123 889 3183 Huic
913 3129 1002 3188 aetati

130 3241 267 3297 suppares
296 3219 478 3290 Alcibiades,
504 3221 621 3289 Critias,
650 3219 868 3284 Theramenes:
900 3228 1001 3300 quibus

128 3321 304 3396 temporibus
318 3321 396 3394 quod
410 3319 529 3402 dicendi
542 3337 632 3394 genus
647 3319 781 3394 viguerit,
796 3339 834 3378 ax
848 3321 869 3356 ¹²
880 3323 1001 3399 Thucy.

155 3437 174 3469 ¹¹
189 3453 210 3496 q,
221 3436 377 3496 difficultatem
389 3434 502 3494 autam]
534 3434 621 3482 Pendet
630 3449 644 3480 e
653 3450 791 3494 concursum
805 3438 864 3484 unde
873 3453 920 3485 esse
934 3439 1002 3486 cebet

126 3497 211 3552 lubmt,
222 3509 263 3541 nac
273 3495 301 3540 sd
312 3497 371 3540 artes
381 3493 457 3540 reterri
467 3497 548 3554 potest.

156 3573 179 3606 ¹²
195 3571 354 3630 Ummidia]
387 3570 423 3620 nx
437 3571 473 3616 ed.
485 3571 552 3624 Rom.
569 3571 669 3622 revocari
684 3573 756 3620 voluit
772 3571 902 3634 macyatus
915 3571 1001 3634 Rivius,

123 3631 194 3692 idque
203 3635 315 3738 ηωὲὲιιω
321 3646 335 3674 a
341 3629 445 3698 (imtero.
455 3643 497 3675 uon
503 3630 579 3692 placet
592 3629 634 3679 iste
643 3631 784 3689 archaismus,
793 3645 858 3694 quem
873 3631 897 3678 ic
905 3632 1004 3682 Oratam

126 3703 239 3755 quoquce
281 3701 312 3738 rts
322 3701 463 3739 tcrrsxrmtts.
