2250 4072
486 271 620 320 aalma
939 280 980 341 gp

114 426 194 480 'earet
206 422 238 479 ia
252 421 337 478 rebus
350 418 480 494 privatin,
498 417 601 476 amicir
623 417 695 492 ejus,
714 418 746 476 in
768 406 922 492 republica,
940 421 982 495 ip·

116 521 177 577 aius
191 519 328 592 dignitati
341 518 420 575 satin.
458 517 570 575 Eodem
584 521 712 589 tempore
723 515 767 574 M.
777 517 941 577 Herennius
950 519 983 577 in

116 618 310 674 mediocribus
316 615 483 684 oratoribus,
490 615 581 673 latino
590 623 621 672 et
626 614 783 688 diligenter
793 614 984 688 loquentibus,

117 721 281 774 numeratur
294 721 353 773 eat:
368 715 417 789 qui
430 719 526 771 umen
537 731 648 771 summa
661 713 813 772 nobilitate
826 712 984 783 hominem,

117 813 301 889 cognatione,
310 813 474 879 sodalitate,
484 812 619 886 collegio,
629 829 739 870 summa
750 811 839 868 etiam
848 813 985 884 eloquen-

118 913 176 981 tia,
183 914 218 972 L.
239 912 413 986 Philippum,
433 911 465 968 in
478 913 645 969 consulatue
664 909 805 984 petitione
825 908 984 982 superavit.

113 1012 230 1071 Eodem
243 1016 372 1084 tempore
384 1010 421 1068 G.
442 1009 572 1076 clodius,
585 1009 641 1065 etat
654 1012 769 1081 propter
781 1023 922 1065 summam
934 1024 984 1064 no·

115 1110 267 1179 bilitatem,
275 1114 305 1166 et
314 1108 489 1182 singularem
500 1108 669 1181 potentiam,
677 1123 799 1180 magnus
807 1111 878 1173 erat,
885 1109 984 1163 tamen

113 1210 204 1269 etiam
221 1209 405 1285 eloquentiae
425 1208 568 1282 quandam
587 1207 817 1265 mediocritatem
836 1206 982 1264 afferebat.

113 1306 254 1384 Ejusdem
265 1308 326 1365 tere
335 1305 473 1380 temporie
485 1305 540 1364 tuit
553 1323 640 1380 eques
655 1306 801 1364 Romanae
815 1304 851 1362 c.
873 1303 983 1372 Titius,

116 1407 166 1481 qui
178 1406 374 1479 meoiudicio,
387 1421 424 1461 eo
437 1405 604 1477 pervenisse
614 1404 739 1472 videtur,
752 1421 808 1479 quo
821 1402 913 1477 potuit
922 1403 982 1460 lere

117 1505 241 1563 Latinus
253 1504 423 1562 maturatae
437 1503 560 1560 Graecia
574 1503 687 1570 litteris,
700 1508 731 1561 et
749 1503 813 1561 aine
826 1504 917 1560 multo
929 1517 982 1558 nau

113 1603 277 1677 pervenire.
318 1604 411 1678 Hujus
424 1605 569 1663 orationes
587 1608 700 1660 tantum
719 1601 902 1676 argutiarum,
920 1605 983 1657 tau·

113 1705 176 1760 tum
190 1705 396 1776 exemplorum,
410 1709 522 1761 matum
535 1700 705 1760 urbanitatis
715 1700 833 1767 habent,
845 1703 878 1756 ut
887 1716 982 1772 paene

116 1799 221 1859 Attico
229 1801 297 1858 stilo
304 1802 429 1875 scriptae
439 1818 503 1858 ease
516 1800 679 1858 videantur.
719 1798 844 1854 Easdem
857 1796 982 1873 engratiae

117 1895 149 1953 iu
161 1897 332 1970 uagoediaa,
347 1899 418 1955 satia
437 1899 553 1971 quidem
566 1898 617 1953 ille
636 1901 732 1960 acute,
750 1897 802 1951 aed
815 1911 916 1966 pamm
928 1898 983 1950 tra·

115 1992 183 2067 gice
196 1994 350 2052 transtulit.
392 1994 487 2064 Quem
508 1993 643 2049 studebat
664 1991 772 2047 imitari
786 1991 823 2047 L.
845 1991 984 2048 Afranius

115 2089 213 2165 potita,
233 2092 319 2148 homo
339 2096 513 2165 perargutua‚
530 2090 563 2148 in
583 2088 687 2145 tabulis
706 2088 822 2162 quidem
840 2088 938 2156 etiam,
951 2090 984 2145 ut

114 2187 207 2257 scitia,
218 2188 351 2246 diaertua.
393 2188 463 2246 Fuit
475 2188 565 2246 etiam
586 2188 624 2260 Q.
645 2187 769 2245 Rubrius
783 2187 887 2255 Varro,
900 2186 949 2262 qui
963 2203 982 2244 a

114 2291 216 2345 uenatu
226 2284 316 2352 dualia
329 2304 396 2344 oum
410 2287 446 2345 Ο.
468 2286 716 2360 Mariojudicatue
736 2290 789 2353 eat,
802 2303 871 2343 acer
887 2290 918 2343 et
931 2302 982 2343 ve·

113 2384 234 2444 hemena
264 2392 423 2443 accusator.
464 2387 501 2444 ln
524 2402 561 2443 eo
586 2402 692 2460 genere
719 2401 789 2441 aane
814 2383 981 2456 probabilia,

114 2484 217 2540 doctua
225 2488 321 2540 autem
331 2484 455 2542 Graecis
466 2484 578 2551 litteris,
587 2482 761 2557 propinquus
772 2487 878 2550 noster,
888 2482 983 2540 taetus

114 2581 153 2638 ad
165 2581 331 2647 dicendum,
344 2581 388 2637 ld.
402 2582 560 2649 Gratidius,
574 2583 617 2640 M.
633 2581 759 2642 Antonii
770 2580 981 2655 perfamiliaris,

114 2679 198 2752 arrius
212 2679 373 2753 praelectus
386 2695 453 2735 cum
467 2686 544 2736 esset
556 2681 588 2737 in
602 2681 719 2747 (liliata,
738 2685 784 2737 eat
795 2680 980 2747 intersectum

113 2777 163 2853 qui
189 2777 340 2836 accusavit
360 2777 400 2834 0.·
425 2776 594 2848 Fimbriam,
612 2776 681 2836 ιΜ.
702 2778 791 2835 Marii
816 2776 982 2836 Gratidiani

113 2881 203 2950 pater.

143 3070 154 3103 ¹
163 3069 197 3116 Μ.
207 3069 241 3117 Μ.
250 3069 381 3118 Gratidiani
386 3070 468 3131 para]
477 3069 535 3118 aaa
544 3069 603 3118 Van.
613 3069 678 3119 Med.
690 3070 742 3118 ald.
752 3069 813 3117 lunt
822 3073 913 3127 ΝΜ.
921 3069 981 3133 laad

114 3126 227 3175 Conudua
236 3129 259 3175 ia
266 3128 351 3174 Corum.
361 3144 383 3190 p.
395 3131 444 3176 284.
456 3129 553 3190 explicat
562 3130 599 3185 aic,
610 3135 635 3176 ut
644 3129 672 3175 ci
732 3128 828 3176 voluerit
838 3133 900 3176 vaura
911 3130 981 3177 bomi-

114 3186 150 3233 nir
158 3199 237 3232 nornen
246 3187 350 3242 retinere,
358 3192 383 3233 at
392 3188 414 3233 ia
423 3189 502 3234 Attico
511 3188 596 3244 lecerit,
609 3203 674 3250 quem
708 3223 714 3234 .
723 3188 873 3246 Pomponium
880 3191 981 3236 Atticum

114 3248 189 3313 vocat,
197 3259 245 3291 cum
253 3245 281 3298 Q.
291 3245 415 3292 Caecilium
422 3245 600 3303 Pomponianum
611 3251 656 3293 Ala
665 3247 756 3293 deberet
764 3247 850 3306 diceae;
858 3247 914 3294 aieut
922 3249 981 3295 huno

110 3302 221 3352 lamma
229 3303 359 3351 unauna
367 3303 510 3353 flauam
541 3307 600 3352 Sane
608 3307 628 3352 ai
634 3311 698 3362 puter
706 3321 783 3355 verum
792 3312 833 3362 ert,
843 3305 907 3353 nimis
915 3307 981 3365 longe

114 3361 245 3408 distractum
259 3365 316 3408 eata
329 3364 418 3411 mariue
431 3364 521 3468 purgatio
534 3363 659 3412 Gratidius:
676 3380 717 3411 uec
730 3364 839 3422 intelligo,
854 3379 922 3426 quare
938 3366 980 3411 buc

110 3419 341 3539 &moretm
345 3421 383 3469 Μ.
394 3420 459 3469 Grau
483 3437 520 3471 um
528 3437 576 3471 eaae
585 3423 623 3473 M.
642 3422 716 3473 Marii
731 3423 797 3472 Grat
807 3428 901 3486 pat-em,
920 3421 980 3483 quod

140 3493 225 3527 enonr
