2250 4072
123 294 187 355 282
339 283 532 338 ossuum
546 279 768 336 PARTi'l'iom.

122 453 201 495 mum
213 433 397 510 proposuisti,
408 432 585 510 quaestionis
595 434 699 490 locum.
742 431 781 490 (L
790 430 824 488 P.
839 430 910 488 Duo
924 432 1000 497 suut,

122 539 154 592 ut
168 535 253 593 initio
267 533 340 603 dixi,
361 533 559 608 quaestionum
577 548 703 606 genera3
724 547 842 605 quorum
867 529 1000 596 alterum,

123 633 237 691 finitum
263 633 439 707 temporibus
461 634 491 687 et
515 629 656 704 personis,
679 627 700 659 ⁰⁰
713 646 832 686 eausam
860 630 1001 701 appellor

124 734 245 788 atterum
269 730 423 797 infinitum,
450 727 537 786 nullis
558 745 651 803 neque
666 726 806 801 personis,
819 744 916 801 neque
931 732 1001 784 tem·

125 831 239 904 poribus
253 834 392 896 notatum,
406 827 585 903 propositum
595 844 680 885 voco.
721 824 740 857 ⁰¹
752 824 811 883 Sed
825 830 871 883 est
885 825 1000 883 consul·

124 930 197 987 tatio
219 929 300 1004 quasi
326 947 391 1002 pars
418 944 524 985 causae
548 927 688 1002 quaedam
712 929 742 982 et
766 923 997 983 coutroversiae.

124 1029 201 1085 inest
214 1027 293 1084 enim
317 1026 464 1085 infinitum
484 1026 516 1083 in
537 1024 677 1093 definitio,
699 1029 729 1080 et
752 1025 791 1080 ad
810 1023 885 1080 illud
900 1028 998 1083 tamen

124 1128 283 1184 reseruntur
297 1127 404 1183 omnia.
444 1123 668 1198 ⁸'Quamobrem
690 1123 768 1197 prius
790 1124 828 1179 de
852 1122 1001 1196 proposito

125 1225 275 1281 dicamus:
296 1225 378 1297 eujus
391 1240 500 1298 genera
512 1227 580 1280 sunt
592 1225 658 1290 duo,
669 1221 848 1296 cognitionis
863 1223 1000 1290 alterum

124 1321 186 1392 ejus
198 1323 324 1379 scientia
337 1329 382 1381 est
395 1321 471 1389 finis,
489 1326 530 1390 ut,
545 1321 647 1378 verine
660 1321 722 1378 sint
737 1339 858 1378 seusus:
880 1323 1002 1379 alterum

124 1418 265 1488 sotionis;
290 1421 365 1492 quod
389 1421 508 1476 refertur
531 1419 569 1475 ad
590 1419 776 1476 efficiendum
803 1417 883 1494 quid,
911 1424 954 1493 ut,
976 1418 999 1476 si

125 1522 284 1592 quaeratur,
297 1517 398 1592 quibus
409 1515 512 1574 officiis
527 1516 657 1574 amicitia
672 1519 796 1574 colenda
806 1518 855 1574 sit.
891 1518 997 1575 Rursus

125 1616 279 1691 superioris
302 1635 410 1692 genera
433 1623 505 1672 suut
527 1615 601 1672 tria:
635 1615 682 1682 sit,
704 1633 817 1672 necne:
848 1616 919 1690 quid
944 1616 999 1674 sit:

125 1718 210 1791 quale
234 1716 280 1774 sit.
323 1716 377 1784 Sit,
400 1733 504 1784 necne,
527 1717 568 1782 ut,
590 1710 668 1787 ⁰³jus
682 1713 714 1770 in
727 1719 829 1771 notura
844 1714 892 1781 sit,
916 1714 996 1772 anirr

125 1833 223 1872 more:
244 1815 311 1890 quid
326 1820 421 1872 sutem
435 1813 490 1886 sit;
510 1812 587 1869 sitne
599 1812 648 1887 jus
663 1812 702 1880 id,
716 1813 790 1886 quod
805 1813 911 1886 majori
924 1810 994 1887 parti

127 1914 165 1970 sit
178 1914 268 1971 utile:
289 1915 372 1991 quale
395 1914 492 1970 autern
506 1910 559 1978 sit3
579 1909 682 1984 ⁹⁴‚juste
698 1911 808 1978 vivere,
830 1911 880 1979 sit,
895 1929 994 1979 necue,

125 2013 206 2070 utile.
248 2010 383 2070 Actionis
410 2017 507 2068 autem
528 2010 585 2067 duo
610 2014 676 2066 sunt
697 2025 821 2083 genera:
843 2027 944 2078 unum,
962 2009 994 2067 ad

126 2099 352 2184 persequendum
375 2110 493 2183 aliquid,
517 2114 567 2165 aut
590 2108 817 2176 declinandum
837 2113 880 2177 ut,
894 2109 991 2184 quibus

126 2209 209 2262 rebus
223 2207 346 2278 adipisci
369 2207 489 2278 gloriam
511 2206 612 2279 possis,
637 2212 687 2263 aut
711 2207 857 2280 quomodo
885 2208 992 2266 invidis

155 2357 177 2390 ⁰⁰
191 2358 388 2418 commmatio]
420 2358 456 2404 Sic
470 2359 504 2406 ed.
524 2357 582 2404 ven.
595 2358 643 2406 Ms.
662 2360 691 2406 V⁴
708 2375 795 2407 causum
816 2363 992 2409 controversiam:
1036 2383 1037 2386 ¹

125 2419 197 2480 Alius
216 2418 317 2464 etJunta
327 2417 416 2463 edidere
432 2419 526 2476 inverse,
546 2420 714 2465 controversiam
724 2435 819 2466 musam.
852 2421 991 2468 Gruterusex

126 2479 160 2523 ed.
172 2482 247 2523 vetere
257 2481 414 2523 controversum
421 2493 523 2523 cursurum.
558 2478 634 2523 Etiam
645 2493 712 2538 supra
722 2479 824 2534 vidimus,
837 2479 860 2525 in
871 2481 913 2526 hac
922 2495 947 2526 re
954 2486 993 2528 tur·

125 2537 173 2582 bari
193 2536 301 2582 inlibris.
332 2537 435 2582 Fortasse
452 2537 492 2583 suit
507 2536 810 2583 controveruamucausam.
844 2539 906 2585 Nam
916 2544 992 2585 etmo'r

125 2601 197 2640 utrum
214 2610 241 2639 ue
251 2593 368 2654 con‘ungit,
377 2594 414 2642 uhi
425 2596 508 2656 pariter
517 2595 539 2640 in
550 2594 611 2655 libris
621 2594 752 2654 quibusdam
762 2594 871 2643 utViteb.
885 2604 906 2644 at
916 2597 992 2645 omitd

124 2656 168 2698 tur.
194 2668 202 2697 r
224 2667 252 2698 ox
262 2653 290 2697 de
300 2654 335 2697 evi
345 2656 402 2712 quod
410 2660 461 2699 ante
469 2655 603 2710 propositum
612 2667 639 2698 ex
650 2655 685 2700 ed.
698 2653 755 2700 Ven.

154 2733 173 2763 ⁹¹
188 2730 232 2777 seu
241 2736 271 2777 est
281 2733 425 2793 comultutio]
457 2732 591 2780 Consultatio
601 2735 635 2777 est
650 2734 752 2792 quaestio
762 2733 855 2791 infinita,
870 2736 932 2782 locus
941 2751 990 2783 ooru

124 2790 201 2847 munis,
212 2795 254 2836 etc.
264 2804 285 2835 v.
297 2807 316 2836 e.
326 2794 346 2836 4,
363 2790 470 2837 Gruterus
480 2793 502 2838 in
514 2793 561 2838 Ms.
574 2790 655 2850 reperit
667 2793 802 2848 propositum
813 2794 880 2840 uuor
888 2810 941 2850 porr
950 2809 992 2844 eoo·

119 2845 246 2906 troversioq
261 2865 327 2909 quum
336 2863 420 2896 casuue.-
454 2852 478 2897 lu
491 2852 562 2914 primo
569 2851 703 2904 propositum
712 2865 756 2896 non
766 2852 875 2909 refragor,
886 2855 939 2914 quia
948 2853 992 2915 'post

123 2908 154 2955 sie
163 2914 204 2965 est,
214 2908 280 2969 idque
289 2917 323 2955 est
332 2909 398 2965 idern,
409 2911 467 2970 quod
475 2914 548 2966 amq,
568 2909 668 2968 quaestio
687 2909 777 2955 infinita.
803 2925 825 2956 v.
847 2912 914 2958 Clav.
955 2909 993 2960 Sed

123 2996 198 3036 cetera
216 3002 259 3034 non
279 2989 374 3051 placent.
391 3000 442 3032 nam
460 2978 606 3046 coutrovqrsio
626 2985 649 3025 et
664 2995 729 3027 rouro
748 2994 875 3048 synonyma
894 2990 994 3032 sunt=et

122 3050 192 3105 qm,
204 3060 260 3092 onae
268 3048 402 3095 immiscetur
412 3035 560 3105 amplricondr
568 3051 641 3096 causa,
652 3054 695 3084 nou
702 3045 736 3087 est
745 3054 835 3100 proprie
849 3057 901 3102 pars
912 3049 994 3092 contro

123 3115 276 3171 versise3ne'c
284 3104 606 3176 estmqjorqiuspssrsinsmt·
639 3106 770 3156 Meliused.
791 3110 851 3158 ven.
866 3112 1000 3169 primitium

127 3179 202 3232 osius,
214 3184 277 3237 quusi
284 3196 338 3238 porr
347 3182 504 3229 coutroversiae
514 3185 533 3225 et
543 3195 625 3226 causor.

154 3254 177 3287 Μ
193 3255 340 3308 Quamobrem
347 3260 430 3321 prius]
461 3258 604 3304 Primabest
614 3259 661 3305 Ms.
673 3255 703 3306 V.

152 3335 175 3369 ⁹³
184 3335 225 3394 jos
235 3337 261 3383 iu
270 3342 354 3383 nutura
364 3338 399 3393 ait,
409 3338 457 3398 ηπ]
489 3336 536 3382 Ms.
549 3337 579 3383 V.
590 3338 617 3384 io
631 3345 742 3387 uotorum
756 3334 799 3386 sit:
815 3341 876 3400 quod
886 3340 1003 3402 praetule

122 3394 171 3441 rim.
189 3410 264 3455 margo
274 3397 308 3442 ed,
318 3394 375 3442 Verr.
385 3397 447 3441 delet
457 3395 550 3456 primurn
561 3396 595 3443 itu

151 3474 173 3506 ⁰⁴
184 3475 244 3530 juste
253 3477 332 3530 uivere,
344 3474 380 3531 sit,
391 3486 430 3521 nee
441 3489 476 3529 m,
487 3472 561 3534 urite]
593 3474 640 3522 Ms.
652 3476 682 3523 V.
693 3479 751 3524 sitne
758 3477 821 3535 utils,
830 3479 921 3525 meiius.
938 3478 1008 3526 sure

122 3532 156 3577 ed.
170 3532 225 3581 Ven.
238 3538 301 3598 quate
310 3549 330 3583 a.
342 3535 377 3589 sit,
389 3535 436 3582 u'c:
451 3546 496 3580 non
505 3533 572 3580 male.
589 3538 655 3597 saepe
664 3536 697 3583 ita
703 3535 788 3583 Cicero.
