2474 4188
229 269 271 336 n
594 261 742 318 aaa,

226 411 290 474 roa
332 411 415 482 Feci,
438 411 564 488 inquam,
590 411 666 472 letne
687 411 813 487 quidem,
836 412 867 468 et
889 423 976 484 saepe
1001 409 1104 480 facio.¹

228 512 307 571 Nam
326 511 409 580 milri,
429 512 528 580 Brute,
546 512 577 570 in
596 513 627 568 te
640 509 776 577 intuenti,
795 509 897 567 crebro
910 509 942 568 in
965 514 1099 568 mentem

227 611 312 670 veuit
326 609 429 679 vereri,
448 609 628 683 ecquodnam
641 607 815 666 curriculum
827 607 983 684 aliquando
995 607 1035 688 ait
1048 607 1101 664 lra-

228 709 322 766 bitura
336 693 385 766 tua
398 712 428 764 et
441 712 542 764 natura
552 689 741 776 admirabilia,
755 709 786 764 et
796 704 941 782 exquisita
953 705 1101 773 doctrina,

228 811 259 898 et
272 805 423 881 singularia
434 805 584 863 industria.
625 805 702 863 (ium
715 803 794 862 enim
807 803 839 860 in
853 803 988 860 maxirnie
998 804 1100 864 caucia

228 909 360 972 versatus
373 921 461 972 essee,
479 908 519 972 et,
532 919 598 960 cum
612 902 666 960 tibi
680 907 760 959 actm
780 905 879 959 nostra
891 900 956 974 jam
968 903 1101 970 cederet,

227 1003 376 1076 lanceaque
400 1001 600 1070 summitteret,
623 1000 718 1065 subito
741 999 773 1057 ia
800 999 923 1056 civitate
945 1016 1018 1056 cum·
1038 1001 1101 1058 alia

173 1129 178 1138 ·
228 1101 407 1168 ceciderunt,
421 1105 480 1158 turn
501 1100 591 1158 etiam
604 1117 641 1157 ea
652 1099 724 1174 ipsa,
737 1099 774 1156 de
792 1115 849 1174 qua
862 1097 1006 1171 disputare
1020 1098 1102 1158 ordi·

228 1211 301 1266 mur,
330 1199 496 1274 eloquentia
527 1198 679 1256 obmutuit.
729 1197 809 1256 'Pum
835 1197 895 1265 ille,
925 1197 1107 1254 Ceterarum

229 1311 324 1353 rerum
350 1313 447 1363 causa,
476 1295 579 1371 inquit,
608 1295 682 1354 ietue
711 1301 743 1352 et
763 1297 858 1364 doleo,
881 1298 912 1352 et
938 1295 1102 1360 dolendum

229 1397 316 1466 puto;
338 1393 455 1450 dicendi
468 1399 566 1456 antem
581 1411 628 1452 me
647 1411 707 1452 non
728 1397 787 1451 tam
806 1392 923 1460 tructus,
944 1397 974 1452 et
994 1392 1102 1468 gloria,

229 1491 315 1565 quam
334 1491 460 1548 studium
480 1491 583 1564 ipsum,
605 1491 833 1566 exercitatioque
854 1493 999 1548 delcetat:
1019 1491 1101 1566 quod

229 1587 303 1646 mihi
326 1590 406 1645 nulla
432 1605 477 1646 rea
497 1587 612 1663 eripiet,
634 1594 663 1646 te
687 1589 855 1663 praesertim
874 1593 934 1647 tam
957 1572 1100 1646 studioso.

229 1685 349 1744 Etenim
362 1686 459 1743 dicere
473 1688 547 1744 bene
561 1703 647 1744 nemo
661 1691 765 1761 potest,
781 1684 867 1744 llnisi
880 1687 930 1761 qui
942 1688 1103 1760 prudenter

209 1782 377 1857 intelligit.
418 1784 515 1855 Quare
529 1785 576 1860 qui
596 1785 781 1860 eloquentiae
801 1802 888 1842 verae
902 1787 953 1844 dat
969 1802 1103 1858 operam,

228 1882 281 1939 dat
305 1881 485 1955 prudentiae,
512 1900 569 1958 qua
588 1901 626 1940 ne
649 1883 785 1944 maximis
812 1879 929 1958 quidelm
955 1883 987 1940 in
1011 1882 1101 1940 bellic

229 1997 322 2056 aequo
351 1979 449 2038 auimo
475 1997 575 2040 carere
604 1981 754 2058 quisquam
777 1985 880 2056 potest.
933 1981 1101 2056 Praeclare,

200 2063 201 2066 Ἴ
229 2079 357 2154 inquam,
376 2080 476 2146 Brute,
490 2080 573 2148 dicis,
593 2098 684 2154 eoque
698 2081 789 2152 magis
808 2081 864 2135 iata
877 2079 995 2135 dicendi
1009 2081 1100 2136 laude

229 2177 368 2242 delector,
387 2177 462 2248 quod
477 2180 585 2242 cetera,
603 2192 676 2248 quae
696 2179 763 2230 sunt
782 2175 926 2247 quondam
949 2172 1049 2230 habita
1062 2174 1098 2232 in

228 2271 353 2330 civitate
373 2271 574 2344 pulcherrirna,
594 2288 680 2328 nemo
698 2276 743 2327 ent
763 2277 822 2327 tam
842 2270 969 2338 humilia,
989 2270 1038 2344 qui
1063 2289 1098 2328 ae

229 2385 290 2429 aon
304 2373 355 2426 aut
374 2384 458 2442 ponae
477 2368 613 2441 adipisci,
628 2373 678 2427 aut
696 2370 834 2440 adeptum
849 2372 939 2441 putet.
959 2369 1098 2442 eloquen-

230 2471 292 2526 tem
311 2465 458 2524 ueminem
471 2465 559 2522 video
579 2464 687 2523 lactum
707 2483 770 2522 ease
788 2465 922 2522 victoria.
964 2465 1023 2524 Sed
1038 2484 1097 2541 quo

230 2565 343 2623 iaciliue
354 2581 447 2621 sermo
456 2563 630 2636 explicetur,
641 2566 784 2630 sedentes,
794 2563 820 2621 ei
830 2564 953 2633 videtur,
967 2581 1095 2640 agamus.

231 2663 308 2720 (lum
331 2663 409 2720 idem
433 2661 588 2735 placuisset
610 2662 679 2731 illie,
700 2668 761 2720 tum
784 2663 816 2720 in
842 2665 953 2736 pratulo
979 2671 1097 2738 propter

232 2759 362 2821 Platonis
375 2764 498 2818 statuam
509 2761 700 2820 consedimus.
1029 2829 1031 2832 ¹

271 2857 330 2920 Hic
343 2877 408 2936 ego,
421 2861 554 2918 Laudare
568 2860 655 2934 igitur
668 2858 870 2932 eloquentiam,
882 2866 914 2918 et
927 2864 1033 2934 quanta
1047 2859 1095 2918 via

229 2959 271 3016 ait
291 2959 363 3030 ejus,
389 2976 566 3030 expromere,
593 2963 783 3030 quantamque
806 2956 852 3024 iis,
878 2958 927 3032 qui
950 2958 1009 3016 sint
1028 2975 1095 3016 eam

232 3055 391 3122 consecuti,
404 3055 574 3128 dignitatem
587 3054 696 3122 afferat,
716 3072 808 3130 neque
822 3057 995 3130 propositum
1009 3058 1092 3116 nobie

231 3157 278 3210 cet
290 3152 346 3208 hoc
360 3155 537 3225 loca-neque
550 3152 753 3210 necessarium.
794 3153 860 3210 Hoc
875 3171 945 3228 uero
957 3155 1020 3213 eine
1034 3157 1095 3213 ulla

232 3249 410 3308 dubitatione
443 3250 682 3316 confirmaverim,
714 3250 779 3307 aive
804 3251 856 3318 illa
881 3257 943 3310 arte
968 3253 1095 3328 pariatur

233 3347 339 3422 aliqua,
357 3345 422 3406 eive
435 3347 643 3405 exercitatione
663 3349 794 3425 quadam,
813 3349 877 3408 aive
895 3355 1011 3425 natura3
1032 3368 1094 3417 rem

262 3497 652 3564 amnemamnem
681 3500 961 3568 viromandiam.
