2474 4188
508 306 642 362 usurus.
971 310 1009 376 11

140 460 318 534 temporibus
332 463 445 518 tuntum
457 459 549 520 laudis
563 461 595 520 iu
608 459 736 518 diceudo
748 459 806 534 Uly
811 461 851 519 ssi
864 459 1010 520 tribuisset
1043 447 1053 456 “

142 559 296 627 Homerus,
316 563 347 618 et
372 559 499 627 Nestori,
520 556 652 637 (quorum
673 561 796 616 alterum
819 559 881 617 uim
904 561 1010 618 hahere

142 659 245 726 voluit,
260 660 382 715 alterum
395 655 593 735 suavitatem)
606 659 662 716 nisi
670 659 734 731 jam
748 663 809 716 turn
822 663 899 714 esset
920 659 1011 714 honos

142 757 342 830 eloquentiae3
363 775 456 831 neque
470 756 533 829 ipse
554 755 641 830 poiits
660 757 783 814 hictum
802 755 882 814 idem
894 759 1011 812 ornatus

140 852 321 921 indicendo,
336 873 372 911 ac
386 856 472 928 plane
485 859 581 912 orator
594 855 703 912 luisset.
717 856 800 929 cujus
822 855 878 912 elsi
898 855 1012 911 incerte

142 957 360 1026 suuttempora,
374 957 471 1010 tamen
485 952 569 1010 annis
584 953 680 1009 multis
695 953 748 1010 luit
758 957 825 1012 ante
840 955 1008 1012 Romulum:

140 1049 283 1126 siquidem
297 1069 356 1108 nou
376 1050 452 1108 inlra
471 1051 646 1124 superiorem
661 1053 827 1124 Lycurgum
840 1051 903 1118 luit,
923 1069 1011 1126 aquo

139 1157 185 1207 est
211 1149 368 1222 disciplina
395 1150 692 1207 Lacedaemoniorum
723 1148 862 1207 adstricta
887 1149 1009 1224 legibus.

142 1249 203 1307 Sed
217 1249 343 1306 studium
361 1248 422 1321 ejus
436 1249 569 1322 generis„
579 1248 724 1322 majorque
737 1248 783 1306 vis
798 1248 965 1323 agnoscitur
976 1248 1009 1306 in

140 1345 302 1404 Pisistrato.
344 1347 479 1421 Denique
494 1347 570 1403 hunc
585 1347 717 1420 proximo
733 1349 850 1406 soeculo
872 1345 1021 1404 Themis'

139 1448 233 1502 tocles
258 1447 404 1503 insecutus
428 1450 482 1512 est,
508 1449 541 1502 ut
562 1446 638 1518 apud
661 1463 723 1514 nos,
751 1446 950 1520 perantiquus,
975 1449 1008 1506 ut

138 1546 219 1616 apud
244 1544 449 1611 Athenienses,
472 1560 531 1602 non
553 1543 595 1601 ita
615 1561 686 1601 sane
705 1549 798 1602 vetus.
841 1544 911 1602 Fuit
928 1545 1008 1602 enim

138 1647 279 1716 regnante
293 1643 357 1715 jam
372 1641 506 1710 Graecia,
526 1649 625 1700 nostra
638 1648 734 1700 autem
748 1642 872 1700 civitate
892 1625 1008 1700 nonita

139 1742 252 1816 pridem
265 1731 414 1798 dominatu
434 1741 513 1815 regio
526 1742 656 1798 liberata.
677 1759 744 1798 nam
763 1742 871 1798 hellum
886 1741 1006 1798 Volsco·

139 1857 202 1897 rum
216 1840 290 1897 illud
303 1840 512 1914 grauissimum,
525 1839 574 1896 cui
588 1826 759 1897 Coriolanus
772 1841 855 1896 exsul
868 1839 1007 1908 interluit,

137 1939 245 1995 eodem
258 1938 318 1992 lere
332 1941 469 2007 tempore,
481 1955 538 2008 quo
552 1938 703 1992 Persarum
715 1939 834 2002 bellum,
853 1936 917 2003 luit,
930 1936 1008 1993 simi·

134 2036 233 2109 lisque
247 2033 360 2089 fortuna
374 2034 513 2088 clarorum
527 2032 661 2114 virprum.
704 2032 738 2090 Si
751 2033 866 2106 quidem
880 2039 1007 2108 uterque,

136 2151 204 2192 cum
219 2131 297 2190 civis
311 2129 442 2204 egregius
462 2129 570 2198 suisset,
584 2131 683 2204 populi
701 2129 806 2204 ingrati
824 2132 1007 2206 pulsusiuju·

138 2232 190 2299 ria,
217 2249 250 2288 se
274 2217 310 2285 od
336 2229 432 2285 hostes
458 2230 591 2297 contulit,
618 2235 810 2305 conatumque
838 2230 1004 2290 iracundiae

139 2347 207 2386 suae
235 2333 327 2385 morte
354 2328 476 2385 sedavit.
508 2347 578 2386 nam
604 2329 659 2386 etsi
682 2330 768 2386 aliter
793 2335 838 2386 est
860 2333 936 2404 apud
964 2339 1003 2402 te,

139 2429 250 2496 Attice,
265 2429 301 2483 de
321 2425 485 2493 Coriolano,
498 2428 629 2484 concede
644 2432 750 2494 tamen,
764 2432 796 2485 ut
817 2428 884 2486 huic
902 2429 1004 2504 generi

137 2527 236 2584 mortis
263 2525 357 2598 potins
384 2525 532 2582 assentiar.
575 2527 617 2583 At
637 2525 688 2583 ille
712 2525 818 2593 ridens,
845 2531 895 2584 tuo
922 2545 1002 2597 vero,
1015 2546 1051 2604 11

137 2624 240 2699 inquit,
273 2623 430 2680 arbitratu:
462 2624 597 2697 quoniam
621 2624 736 2698 quidem
763 2643 934 2683 concessum
957 2631 1003 2684 est

137 2723 297 2780 rhetoribus
324 2720 460 2778 ementiri
490 2720 522 2776 in
548 2719 683 2788 historiis,
712 2727 745 2778 ut
768 2722 877 2796 aliquid
902 2723 1001 2782 dicere

135 2821 247 2894 possint
267 2819 402 2894 argutius.
427 2823 458 2875 ut
472 2817 552 2874 enim
573 2823 603 2873 tu
624 2833 702 2874 nunc
721 2820 759 2873 de
773 2819 938 2886 Coriolano,
958 2821 1002 2877 sic

136 2918 311 2984 Clitarchus,
345 2917 387 2973 sic
419 2917 578 2974 Stratocles
605 2915 642 2972 ‹l'e
674 2915 876 2973 Themistocle
895 2917 1000 2977 'tinxit
1033 2959 1037 2966 -

134 3017 223 3084 Nam,
242 3033 328 3089 quem
343 3014 544 3088 Thucydides,
564 3012 613 3088 qui
631 3019 661 3072 et
676 3014 866 3072 Atheniensis
880 3021 949 3086 erat,
970 3022 1000 3076 et

134 3130 245 3172 summo
265 3115 332 3170 loco
345 3116 436 3180 natus,
461 3129 642 3187 summusque
664 3111 719 3180 vir,
739 3117 768 3169 et
784 3113 880 3186 paullo
901 3120 998 3175 aetate

133 3215 282 3288 posterior,
297 3219 409 3270 tontum
423 3219 564 3270 mortuum
577 3213 700 3288 scripsit,
715 3219 745 3270 et
757 3214 789 3271 in
804 3215 906 3274 Attica
920 3220 997 3276 clam

133 3313 300 3382 humatum
328 3311 448 3379 addidit,
474 3311 560 3368 tuisse
581 3312 775 3386 suspicionem
802 3331 917 3372 veneno
940 3317 997 3374 sihi

132 3411 312 3468 conscivisse
338 3413 476 3466 mortem:
501 3411 579 3467 huno
605 3409 654 3468 isti
675 3412 765 3484 ajunt,
792 3415 859 3469 cuni
885 3421 997 3470 taurum

128 3505 354 3576 immolavisset,
363 3507 514 3582 excepisse
524 3509 694 3582 sanguinem
707 3515 815 3584 patera,
828 3516 859 3567 et
872 3529 908 3569 eo
918 3515 995 3582 poto,

171 3637 241 3686 uon.
264 3643 316 3683 rm
548 3626 567 3679 3
