2436 4192
505 309 649 366 onnon
943 321 1008 384 203

133 464 235 536 potest
254 475 319 520 esse
339 458 475 536 turphrst
493 459 549 520 etri
562 461 595 520 in
608 459 745 536 eligendo
761 459 832 520 lacit
855 462 1007 524 malitiosa

136 560 233 634 prima
251 559 332 618 enim
345 561 459 634 syllaba
471 561 569 618 demta
581 559 613 616 io
626 560 721 633 primo
735 560 826 617 verbo
838 562 1009 630 renuntiate,

137 663 315 731 postremum
335 658 372 716 ad
397 660 517 716 verbum
538 657 660 732 prioram
682 675 776 716 rursus
799 658 945 731 syllabam
963 659 1010 716 ad-

132 755 241 830 junxit·
254 756 443 831 insequentis.
484 757 531 814 lta
555 757 649 814 lactus
675 761 721 812 est
743 753 949 830 ”anapaestus
975 756 1011 826 is,

57 875 61 879 ·
137 854 188 930 qui
197 853 429 928 Aristophaneus
438 854 613 912 nominatur.
624 856 710 928 quod
724 871 763 912 ne
776 853 904 922 accidat,
916 854 1011 914 chror-

139 951 205 1010 vari
214 967 271 1008 nec
281 955 384 1024 potest,
397 969 454 1009 nec
467 967 590 1009 necesse
603 955 658 1009 est.
700 951 760 1007 Sed
772 955 873 1009 tamen
886 952 937 1010 hic
951 967 1012 1010 cor·

140 1051 246 1117 rector,
258 1048 289 1106 in
303 1065 339 1106 eo
351 1049 416 1123 ipsc
430 1050 506 1117 loco,
519 1065 578 1124 quo
590 1047 786 1122 reprehendit,
798 1045 844 1124 (ut
857 1066 876 1106 a
889 1065 938 1106 me
951 1049 1013 1110 aui-

140 1147 325 1206 madveraum
337 1152 383 1204 est
396 1146 524 1205 studiose
548 1145 713 1220 inquirente
726 1145 758 1203 in
779 1143 869 1224 enm)
881 1146 1014 1206 immittit

143 1244 308 1320 imprudens
328 1245 392 1319 ipse
406 1244 561 1302 senodum.
602 1244 648 1302 Sit
665 1244 753 1318 igitur
774 1245 832 1304 hcc
854 1245 1012 1319 cognitum,

142 1341 174 1400 in
188 1344 289 1404 solutis
300 1343 495 1402 etiamverhis
503 1343 599 1402 inesse
613 1359 756 1413 numeros,
766 1343 1012 1419 eosdemquaesse

141 1442 293 1512 oratorios,
304 1442 353 1519 qui
365 1442 427 1502 sint
437 1441 558 1517 poiitici.

187 1540 324 1616 Sequitur
333 1559 410 1618 ergo,
423 1548 464 1611 ut,
479 1541 527 1618 qui
540 1542 667 1602 maxime
680 1544 788 1604 cadant
805 1541 839 1602 in
850 1541 1013 1602 mationem
1022 1535 1065 1603 ii

143 1643 244 1713 aptam
257 1643 378 1712 numeri,
391 1643 549 1702 videndum
560 1645 609 1702 sit.
629 1649 697 1700 sunt
706 1644 786 1702 enim
795 1642 1014 1716 quijambicnm

144 1743 257 1814 puteat,
280 1743 355 1816 quod
376 1741 414 1800 sit
436 1742 562 1800 crationi
584 1741 763 1798 simillimus:
783 1755 840 1814 qua
866 1740 903 1797 de
926 1754 1016 1796 cama

142 1837 216 1906 lieri,
237 1844 269 1896 ut
284 1839 310 1897 is
324 1840 506 1913 potissimum
518 1843 635 1913 propter
648 1837 870 1896 similitudinem
883 1835 1015 1894 veritalis

146 1937 319 1996 adhiheatur
337 1938 370 1996 in
382 1937 504 2010 lohulis3
523 1937 544 1972 π
554 1939 630 2012 quod
639 1939 690 1995 ille
703 1937 868 2011 dactylicus
881 1952 1016 1998 numerus

146 2035 382 2094 hexametrorum
408 2035 671 2110 magniloquentiae
697 2034 737 2092 sit
760 2033 1016 2092 accommodatior.

146 2131 282 2206 Ephorus
308 2138 414 2202 autem,
434 2131 540 2192 ⁷⁸levis
563 2132 626 2207 ipae
639 2135 743 2199 orator,
756 2132 808 2188 sed
821 2131 964 2204 protectos
977 2147 1016 2193 ex

145 2231 257 2305 optima
267 2231 431 2308 disciplina,
444 2248 557 2308 paeone
570 2230 710 2306 sequitur,
724 2234 775 2290 aut
787 2231 954 2306 dactylum:
974 2230 1016 2292 lu·

149 2330 192 2404 git
205 2332 483 2406 autemapondeum‚
494 2335 524 2389 et
538 2331 716 2388 trochaeum.
757 2329 843 2402 Quod
856 2330 936 2388 enim
949 2346 1016 2404 pae-

148 2443 188 2486 on
201 2429 308 2487 haheat
322 2433 380 2488 tres
393 2431 507 2499 breves,
517 2431 651 2503 dactylus
664 2432 762 2487 autem
780 2427 1015 2494 duaahrevltata

149 2532 182 2586 et
194 2529 346 2586 celeritate
359 2527 536 2604 syllabarum
547 2527 608 2584 lahi
627 2529 711 2600 putat
732 2525 824 2582 verba
835 2522 1015 2598 proclivius:

147 2629 306 2700 conhoque
315 2621 687 2698 accidereinapondeossel
695 2623 844 2680 trochaeo:
858 2621 935 2696 quod
943 2623 1017 2680 alter

150 2723 247 2800 longis
257 2728 412 2793 constaret,
425 2726 498 2782 altar
511 2741 529 2781 e
543 2721 680 2780 brevibus
695 2721 787 2789 tieret,
799 2721 920 2782 alteram
929 2718 1016 2778 nimia

151 2822 314 2891 incitatam,
338 2823 458 2881 alteram
471 2819 558 2882 nimia
573 2819 683 2878 tardam
696 2817 865 2886 orationem,
886 2820 1017 2875 oeutmm

182 2977 205 3013 '¹⁰
218 2979 365 3040 adommim]
397 2976 441 3026 lid.
452 2975 519 3025 Med.
531 2975 592 3037 lips.
600 2973 687 3036 Gryph.
697 2970 854 3031 scopantium.

182 3055 206 3094 ⁷¹¹
220 3055 342 3118 muca]
373 3055 432 3105 Puto
441 3055 580 3103 scribendum
590 3069 676 3114 quam
691 3049 793 3113 quadres
802 3047 867 3096 luciis
876 3045 950 3098 docet.

182 3136 206 3172 ’Ν
220 3135 274 3184 lavia
282 3135 327 3194 ipse
335 3135 426 3194 emtam]
457 3132 555 3186 Quidam
564 3131 676 3192 corrigunt
691 3129 755 3186 lctis,
770 3127 829 3190 quod
838 3131 899 3176 reate
908 3127 1018 3192 improbat

153 3195 278 3245 Strehacus.
309 3191 542 3242 cumulavit.

184 3273 207 3308 ’¹⁹
221 3271 353 3334 amcam]
369 3271 436 3318 immo
451 3270 572 3330 samaa,
588 3268 641 3331 quia
653 3265 710 3314 dicit
725 3279 772 3314 ease
787 3267 916 3325 samaa,
925 3269 984 3339 qood
994 3267 1017 3316 ia

155 3333 260 3380 trochaeo
268 3345 313 3379 non
323 3335 364 3377 eat.
381 3343 451 3376 mora
460 3329 538 3387 hugis,
548 3329 586 3376 vel
595 3343 630 3384 eo,
640 3327 692 3374 edd.
701 3329 756 3372 vett.
774 3329 845 3374 totum
854 3327 912 3374 sorte
921 3342 952 3374 nc
965 3327 1017 3374 acri·

154 3391 249 3438 modum
259 3410 265 3437 ι
280 3391 338 3451 qaod
345 3389 402 3436 atter
411 3403 423 3434 e
431 3388 503 3446 uagis
512 3391 589 3434 comtat
598 3389 660 3447 (nam
675 3389 779 3432 omaro
793 3385 866 3432 locum
875 3400 920 3432 non
929 3383 1017 3451 habet)

154 3451 231 3496 sitm
240 3446 423 3506 hreutmorfien'
431 3447 522 3492 anama
530 3471 541 3479 ·
549 3473 559 3482 -
567 3445 694 3502 oraticnem,
704 3448 749 3492 etc.
765 3443 798 3490 ita
806 3448 867 3490 recte
875 3440 1018 3503 respondebit

154 3506 315 3568 superioribur:
332 3505 435 3552 hreaimte
450 3503 585 3551 etcehritote
593 3504 730 3563 syllabarum
743 3503 789 3557 tati
802 3503 868 3550 arsa
883 3497 1018 3560 praeliciat:

153 3569 221 3630 atque
230 3565 309 3614 ultima
317 3563 430 3614 habebunt
439 3563 539 3624 verbum,
548 3563 608 3626 quod
614 3561 652 3612 vix
660 3561 737 3610 abesa
745 3564 826 3622 potest.
