2444 4194
211 343 270 404 164
580 333 722 384 ORATOR.

205 490 290 544 aeute
312 490 343 542 et
364 482 538 542 ueteratorie
559 483 639 550 dicit,
653 483 770 556 sapiens
778 483 858 556 jam:
879 483 1073 550 mediumm-

206 586 268 643 vis:
290 585 339 642 hio
359 590 455 641 autern
475 581 695 656 copiosissimus,
711 583 737 639 si
756 581 830 640 nihil
851 587 895 640 est
914 583 1006 651 aliud,
1021 583 1074 641 vix

206 685 276 743 satis
290 702 377 742 sanus
391 683 485 742 videri
504 687 587 741 solet.
628 683 688 764 Qui
708 684 787 740 enim
801 681 874 740 nihil
893 686 1078 756 potesttran·

207 784 304 860 quille,
326 783 399 842 nihil
420 783 534 851 leniter,
548 782 621 842 nihil
641 782 756 856 partite,
776 782 904 850 definite,
925 781 1076 850 distinete,
1204 825 1205 834 ,

207 885 302 942 laeete
313 882 421 950 disere,
429 882 598 956 praesertim
608 899 675 938 oum
689 898 793 939 causae
807 881 912 955 partim
922 886 1003 938 totae
1018 882 1078 938 sint
1106 867 1110 874 ’
1204 863 1205 866 ¹

208 1001 244 1041 eo
264 983 358 1050 modo,
373 981 476 1054 partim
496 981 592 1055 aliqua
612 999 650 1038 ex
670 986 751 1054 parte
771 981 956 1038 tractandae:
976 978 1033 1040 “si
1053 983 1078 1040 is

209 1100 268 1140 non
282 1080 458 1154 praeparatis
472 1080 587 1136 auribus
600 1079 779 1137 inflammare
790 1097 850 1138 rem
864 1080 971 1153 eoepit,
984 1081 1078 1139 furere

209 1183 284 1254 apud
296 1198 391 1249 sanos,
402 1185 432 1238 et
448 1178 528 1254 quasi
547 1179 624 1236 inter
640 1179 750 1237 sobrios
761 1179 1076 1238 baooharivinolentus

211 1279 338 1337 videtur.

189 1361 191 1364 ’
250 1379 401 1436 Tenemus
410 1377 506 1452 igitur,
515 1379 614 1446 Brute,
623 1395 707 1452 quem
715 1378 892 1452 quaerimus:
907 1381 958 1436 sed
970 1381 1077 1440 auimo.

210 1495 278 1535 nam
293 1493 379 1534 manu
393 1476 419 1532 si
437 1477 662 1548 prehendissem‚
675 1495 712 1533 ne
727 1478 790 1551 ipse
804 1479 919 1553 quidem
933 1497 986 1537 sua
1001 1487 1081 1539 tanta

152 1576 199 1634 29
211 1577 377 1654 eloquentia
391 1577 462 1634 mihi
482 1577 678 1650 persuasisset,
693 1583 723 1635 ul
738 1597 770 1634 se
790 1579 976 1637 dimitterem.
1021 1583 1080 1640 Sed

210 1681 349 1738 inventus
370 1678 498 1752 proleoto
518 1681 562 1733 est
582 1675 632 1732 ille
653 1679 800 1751 eloquens,
821 1696 906 1753 quern
927 1697 1083 1755 numquam

212 1777 454 1838 viditAntonius.
496 1776 568 1848 Quis
577 1780 622 1832 est
630 1774 770 1849 igituris?
791 1777 979 1850 Complector
990 1779 1081 1848 brevi,

213 1879 351 1937 disseram
382 1877 520 1950 pluribus.
576 1876 605 1934 Is
629 1875 708 1932 enirn
732 1879 777 1931 est
810 1879 957 1950 eloquens,
981 1877 1030 1952 qui
1054 1881 1084 1936 et

215 1977 337 2038 humilia
362 1976 518 2043 subtiliter,
528 1980 558 2032 et
585 1991 691 2049 magna
716 1974 852 2048 graviter,
875 1979 905 2031 et
926 1977 1085 2035 mediocria

217 2083 375 2152 temperate
390 2080 484 2150 potest
495 2075 602 2132 dicere.
637 2074 734 2130 Nemo
753 2073 787 2140 is,
807 2073 929 2147 inquies,
950 2085 1088 2151 umquam

215 2177 279 2234 luit.
321 2177 369 2233 Ne
383 2174 477 2231 luerit.
489 2191 544 2246 ego
564 2172 652 2240 enim,
666 2172 734 2247 quid
754 2171 923 2240 desiderem,
936 2191 1004 2242 non,
1019 2175 1086 2250 quid

217 2273 350 2339 viderim,
363 2271 494 2342 disputo:
515 2271 659 2343 redeoque
674 2271 710 2326 ad
730 2271 811 2328 illam
827 2272 967 2340 Platonis,
980 2275 1018 2330 de
1032 2291 1088 2348 qua

217 2372 358 2436 dixeram,
383 2367 425 2425 rei
451 2367 579 2434 formum,
600 2371 630 2423 et
654 2368 798 2440 speeiem:
830 2388 916 2444 quam
943 2373 999 2429 etsi
1031 2391 1088 2430 non

216 2470 370 2536 cernimus,
384 2472 482 2525 tamen
496 2467 593 2524 animo
606 2469 706 2524 tenere
720 2485 877 2542 possumus.
919 2471 989 2528 Non
1010 2473 1089 2530 enim

218 2576 402 2647 eloquentem
439 2587 553 2645 quaero,
581 2585 674 2642 neque
709 2568 863 2644 quidquam
899 2573 1032 2638 mortale,
1060 2574 1090 2629 et
1204 2547 1205 2574 Τ

218 2673 368 2738 caducum,
388 2669 439 2726 sed
460 2670 531 2726 illud
551 2669 654 2741 ipsum,
675 2668 756 2741 cujus
776 2668 825 2741 qui
844 2669 883 2725 sit
902 2686 1031 2742 compos,
1051 2670 1091 2728 sit

219 2775 373 2848 eloquens:
394 2771 469 2844 quod
490 2767 561 2826 nihil
583 2772 627 2824 est
647 2767 735 2834 aliud,
750 2767 806 2824 nisi
827 2770 1086 2844 eloquentiaeque,

220 2890 305 2947 quam
325 2871 421 2937 nullis,
436 2869 493 2926 nisi
512 2867 617 2925 mentis
631 2867 722 2923 oeulis
738 2866 837 2926 videre
857 2883 1017 2941 possumus.
1060 2871 1089 2927 Is

222 2970 276 3026 erit
303 2971 389 3042 igitur
416 2971 562 3042 eloquens,
590 2963 635 3042 (ut
661 2966 739 3023 idem
762 2965 833 3023 illud
861 2959 1024 3045 iteremus)
1043 2969 1091 3044 qui

221 3069 327 3139 poterit
353 3083 444 3138 parva
467 3064 626 3131 summisse,
651 3065 765 3122 modica
789 3069 959 3148 tempeqate,
985 3085 1093 3142 magna

221 3163 349 3238 graviter
369 3163 475 3218 dicere.
519 3161 600 3216 Tota
621 3163 693 3219 milri
713 3181 800 3220 causa
821 3180 871 3236 pro
893 3163 1036 3235 Caecina,
1055 3167 1092 3224 de

222 3259 319 3316 verbis
344 3257 493 3316 interdicti
512 3259 574 3316 luit.
590 3278 634 3316 res
649 3251 795 3319 involutas
815 3261 984 3320 definiendo
1000 3265 1094 3339 expli·

222 3354 433 3420 eavimuszvius
453 3356 544 3414 civile
565 3359 765 3416 laudavimus:
787 3363 877 3418 verba
891 3363 1027 3438 ambigua
1040 3365 1096 3424 dis-
1204 3435 1205 3444 χ

253 3511 518 3572 ttsits--a'nftrmmore
531 3513 587 3574 ram]
608 3513 701 3559 derev.
714 3514 743 3560 ad
758 3515 797 3563 Or.
815 3517 845 3572 ll,
855 3521 891 3564 52.
933 3517 1020 3566 Melius
1039 3522 1097 3566 oete·
1204 3525 1205 3530 ’

222 3572 410 3623 amnessetisn':
435 3570 467 3616 ita
482 3570 540 3619 eninr
554 3571 633 3620 melius
652 3575 796 3636 responderet
814 3577 1016 3632 antecedentibus:
1047 3577 1098 3633 Qui

224 3635 283 3683 enim
293 3633 352 3681 nr'lil
357 3637 430 3692 potest,
438 3633 480 3680 ato.
