2436 4192
508 333 632 384 'tollen
935 342 996 406 231

126 481 317 542 subtilissime
336 497 554 558 persequamur:
573 487 604 540 et
622 482 746 556 primum
760 485 797 542 de
817 485 881 559 ipse
898 488 998 547 delini·

124 585 210 642 tione
237 583 358 640 dicetur.
400 581 543 640 Definitio
564 586 610 640 est
625 583 738 661 oratio,
764 599 838 658 quae
857 585 896 652 id,
923 589 998 660 quod

126 682 272 752 definitur,
300 681 439 756 explieat,
463 681 531 756 quid
564 681 610 739 sit.
661 682 875 740 Definitionum
902 687 999 742 autem

126 785 184 841 duo
210 787 277 839 sunt
294 798 400 857 genera
423 781 538 856 prime:
564 798 654 840 unum
675 798 773 840 earum
797 799 901 851 rerum,
925 799 998 856 quae

125 887 213 940 sunl:
241 883 362 938 elterum
397 897 505 948 earum,
536 897 610 954 quae
639 877 878 954 ³¹intelliguntur.
925 881 998 938 Esse

126 1000 164 1040 ee
197 980 273 1047 dico,
299 995 372 1054 quae
397 979 479 1038 cerni
504 977 624 1053 tangive
653 985 781 1052 possunt,
807 985 840 1038 nt
868 981 997 1047 tondum,

126 1081 224 1148 aedes,
243 1079 390 1154 parietem,
411 1075 601 1144 stillicidium,
632 1077 819 1150 mancipium,
845 1081 997 1150 pecudem,

126 1177 345 1254 supellectilem,
360 1193 461 1251 penus,
475 1180 589 1245 celere:
611 1193 667 1250 quo
686 1195 725 1234 ex
737 1195 845 1250 genere
855 1179 996 1252 quaedam

125 1277 269 1336 interdum
287 1275 372 1333 nobis
392 1274 558 1332 delinienda
588 1279 664 1332 sunt.
705 1275 775 1332 Non
806 1293 871 1333 esse
900 1291 994 1334 rursus

125 1367 162 1434 ee
174 1375 251 1443 dico,
264 1392 337 1449 quae
351 1372 432 1447 tangi
448 1371 676 1430 demonstrarive
698 1391 758 1431 non
772 1380 898 1448 possunt,
912 1373 993 1433 cerni

12 1475 13 1484 ’
125 1479 225 1532 temen
252 1473 358 1540 animo,
382 1476 468 1545 etque
495 1471 620 1545 intelligi
647 1478 780 1546 possunt:
810 1480 849 1542 ut,
871 1475 903 1552 si
928 1491 992 1531 usu·

123 1571 289 1645 cnutonem,
303 1571 329 1627 si
348 1571 475 1638 tutelam,
488 1569 514 1627 si
531 1577 659 1644 gentem,
678 1572 705 1628 si
725 1573 912 1645 egnatlonem
923 1573 992 1629 deli·

122 1670 204 1728 niae:
219 1685 335 1745 querum
348 1665 441 1726 rerum
461 1671 570 1726 nullum
590 1671 689 1727 subest
707 1670 787 1744 qnasi
808 1685 927 1742 corpus:
947 1675 991 1726 est

123 1773 222 1826 tamen
230 1770 370 1843 quaedum
378 1766 567 1825 conformatio
575 1766 714 1840 insignite
724 1771 754 1824 et
762 1767 994 1840 impressnintel··

122 1867 263 1941 ligentia:
287 1883 374 1941 quem
399 1866 550 1923 notionem
583 1880 667 1921 voco.
688 1882 725 1921 ee
747 1882 833 1938 saepe
860 1865 892 1921 in
911 1881 991 1939 ergu-

122 1966 281 2024 mentando
293 1962 464 2020 definitione
482 1963 657 2034 explicanda
670 1968 745 2020 sunt.
787 1965 886 2037 Atque
902 1963 992 2020 etiem

120 2061 307 2142 definitipnes
321 2059 397 2118 aliae
411 2066 477 2116 sunt
490 2059 686 2133 partitionum,
700 2061 774 2116 aliae
795 2059 989 2120 divisionum:

120 2161 318 2238 partitionum,
333 2176 399 2217 cum
413 2177 459 2217 res
472 2143 517 2228 ee,
537 2177 611 2235 quae
624 2161 771 2234 proposita
790 2165 844 2228 est,
857 2160 939 2236 quasi
958 2161 990 2219 in

121 2261 248 2318 membru
258 2254 443 2333 discerpitur:
457 2263 497 2327 ut,
511 2259 536 2316 si
549 2259 612 2334 quis
620 2259 669 2331 jus
678 2259 768 2316 civile
778 2259 858 2316 dicut
871 2259 902 2317 id
916 2277 989 2328 esse,

120 2361 194 2435 quod
209 2359 240 2415 in
255 2358 374 2432 legibus,
393 2357 660 2425 senatusconsultis,
680 2354 764 2416 iebus
785 2358 989 2431 judiceticju·

6 2495 8 2498 -
120 2457 316 2531 risperitorum
329 2458 509 2523 auctoritate,
529 2456 633 2512 edictis
653 2456 879 2529 magistratuum,
899 2473 989 2528 more,

118 2555 266 2631 aequitate
275 2553 430 2611 consistet:
443 2553 622 2609 divisionum
634 2557 732 2609 autem
745 2551 877 2610 definitio
885 2553 989 2610 tonnas

118 2673 223 2716 omnes
243 2652 452 2726 complectitur,
469 2669 542 2726 quae
562 2655 615 2710 sub
635 2669 672 2708 eo
691 2670 797 2726 genere
817 2659 893 2722 sunt,
913 2655 989 2728 quod

118 2753 265 2820 delinitur,
275 2753 331 2808 huc
340 2752 440 2807 modo:
456 2749 632 2807 abalienatio
642 2755 687 2806 est
694 2750 755 2822 ejus
766 2751 899 2826 reiquae
910 2769 989 2810 men·

120 2853 181 2927 cipi
201 2855 255 2919 est,
275 2855 325 2907 aul
345 2848 463 2906 traditio
479 2847 564 2906 elteri
584 2865 671 2916 nexu,
691 2849 785 2906 autin
798 2849 865 2920 jure
884 2849 989 2918 cessio,

120 2951 197 3008 inter
210 2965 280 3024 quos
300 2965 336 3005 ea
344 2948 409 3021 jure
430 2945 515 3004 civili
534 2945 597 3004 fieri
616 2950 744 3019 possunt.
786 2946 861 3003 Sunt
881 2952 911 3004 et
930 2948 1018 3021 alins

120 3064 227 3124 genera
240 3047 456 3104 definitionum:
471 3045 523 3102 sed
537 3045 573 3102 ml
588 3043 672 3118 hujus
685 3043 751 3100 libri
763 3043 926 3102 institutum
935 3046 994 3105 illu-

121 3147 195 3204 nihil
208 3144 372 3219 pertinent:
392 3149 504 3202 tentum
524 3148 569 3200 est
582 3142 748 3210 dicendum,
774 3141 824 3217 qui
836 3143 874 3201 sit
886 3145 988 3204 delini·

119 3245 208 3302 tionis
219 3245 328 3301 modus.
372 3242 423 3299 Sic
433 3242 520 3316 igilur
533 3247 647 3300 veteres
668 3240 864 3315 praecipiunt:
884 3241 907 3318 Ὗ
918 3262 985 3303 cum

147 3419 169 3452 ³¹
177 3418 346 3476 intelliguntur.
377 3415 439 3470 Esse,
454 3413 508 3474 etc]
525 3413 572 3463 Ms.
584 3415 636 3466 edd.
648 3416 713 3463 Med.
725 3415 779 3464 Ald.
792 3418 811 3464 l.
823 3416 898 3464 intell‘
929 3421 986 3462 :etur

119 3489 170 3524 etse.
201 3477 290 3523 Earum
298 3488 377 3522 rerum
385 3473 607 3535 comemmacdico.
639 3475 811 3522 lteminaltero
819 3479 884 3535 post:
919 3485 986 3518 arum

118 3547 196 3583 rerum
203 3549 257 3594 puae
263 3549 308 3582 noc
317 3539 571 3590 metuendumne,
581 3539 625 3580 etc.
633 3533 728 3581 alterum
736 3532 845 3580 estetiem
855 3531 919 3578 ined.
926 3530 984 3575 Ven.

119 3607 176 3656 quae
186 3609 200 3640 e
209 3593 308 3652 margine
317 3593 431 3640 intextum
441 3605 529 3638 venere.

149 3671 173 3706 ³⁸
183 3685 235 3720 cum
244 3671 348 3721 wimeri:
356 3685 390 3729 en,
401 3685 455 3732 poue
464 3675 524 3727 eunt,
534 3669 588 3730 etc]
599 3669 647 3717 Ms.
658 3667 710 3715 sint.
722 3670 790 3714 recte.
