2474 4188
228 305 269 368 pp
593 281 726 351 saurus

222 447 406 521 incorruptus
420 463 508 522 nsque
527 447 564 506 ad
578 449 655 506 hanc
666 452 802 506 'aetatem
821 451 963 506 emtarum
976 445 1039 512 init,
1052 431 1095 504 *iri

224 563 281 621 que
299 547 436 604 naturalis
456 545 572 614 inesset,
592 563 650 603 non
672 547 785 603 lncatns
806 546 890 602 nitor.
932 545 1093 602 Phalereus

224 645 304 701 enim
327 643 466 702 successit
484 645 526 700 eis
547 644 661 702 senibus
681 646 860 710 adolescens,
881 643 1091 700 eruditissimus

224 741 276 799 ille
289 743 405 816 quidem
418 743 518 798 horum
532 743 670 811 omnium,
689 743 814 800 sednon
828 747 887 800 tam
907 741 993 798 armis
1007 737 1091 796 insti·

223 844 309 906 tutus,
329 857 414 914 quem
427 842 577 914 palaestra.
594 841 690 915 iisqne
703 843 869 898 delectabat
890 839 981 914 magis
997 837 1092 894 Athe·
1111 865 1112 868 ¹

222 939 348 1004 nienses,
377 955 463 1012 qnam
499 938 704 996 inflammabat.
734 943 913 1012 processerat
942 935 1021 993 enim
1054 933 1087 990 in

221 1038 322 1104 solem,
336 1040 366 1092 et
376 1039 533 1109 pulverem,
547 1053 605 1093 non
619 1041 651 1094 ut
664 1055 681 1092 e
695 1036 811 1094 militari
825 1036 1020 1099 tabernaculo,
1033 1031 1088 1088 sed

221 1140 253 1192 nt
280 1153 298 1191 e
325 1134 530 1208 Theophrasti,
557 1135 716 1193 doctissimi
744 1135 877 1202 hominis,
900 1131 1085 1191 umbraculis.

221 1232 281 1292 Hie
301 1232 407 1304 primus
422 1232 538 1289 inflexit
556 1234 724 1298 orationem,
745 1238 775 1289 et
791 1250 857 1289 eam
875 1233 992 1288 mollem
1006 1236 1087 1286 tene·

218 1346 337 1405 tamque
356 1330 499 1386 reddidit:
520 1335 550 1387 et
566 1333 673 1397 suavis,
693 1332 768 1388 sicut
781 1331 844 1398 luit,
862 1329 955 1386 videri
974 1327 1086 1394 maluit,

219 1445 305 1503 quam
328 1427 440 1500 gravis:
468 1428 519 1482 sed
545 1426 565 1458 ¹⁰
578 1428 721 1484 suavitate
748 1445 793 1495 ea,
819 1426 1086 1501 quaperlunderet

218 1527 340 1593 animos,
361 1541 420 1581 non
438 1540 493 1598 qua
514 1523 718 1596 perfringeret:
738 1530 850 1580 tantum
868 1529 900 1580 ut
915 1522 1085 1579 memoriam

217 1623 425 1684 concinnitatis
445 1637 523 1686 suae,
550 1617 883 1699 uon.(quemadmodum
910 1622 946 1676 de
967 1619 1083 1677 Pericle

217 1722 333 1794 scripsit
363 1715 497 1796 Eupolis)
528 1734 595 1775 cnm
628 1718 822 1775 delectatione
850 1720 965 1776 aculeos
992 1718 1084 1776 etiam

217 1819 390 1894 relinqueret
402 1815 551 1875 inanimis
563 1833 669 1883 eorum,
682 1833 700 1872 a
713 1816 813 1889 quibus
828 1821 904 1872 esset
917 1816 1039 1874 auditus.

83 1933 99 1942 “
168 1907 208 1967 10
257 1918 390 1976 Videsne
403 1916 499 1990 igitur,
511 1909 571 1970 ¹⁷in
581 1930 617 1970 ea
629 1914 692 1993 ipsa
706 1916 785 1980 urbe,
798 1914 829 1970 in
844 1932 900 1988 que
913 1919 943 1971 et
956 1919 1036 1982 nata,-
1047 1919 1082 1972 et

172 2091 174 2096 Ι
217 2020 277 2077 alta
290 2017 328 2074 sit
341 2013 515 2090 eloquentia,
528 2029 615 2086 quam
633 2031 668 2069 ea
682 2030 746 2069 sero
760 2011 896 2085 prodierit
914 2013 944 2070 in
959 2009 1080 2070 lucem?

217 2115 367 2188 Siquidem
380 2116 448 2168 ante
464 2110 579 2166 Solonis
593 2114 728 2176 aetutem,
738 2116 769 2166 et
780 2110 930 2175 Pisistrati,
940 2112 976 2164 de
986 2113 1080 2180 nullo,

215 2216 248 2269 ut
260 2210 375 2274 diserto,
390 2206 543 2263 memoriae
558 2206 699 2278 proditum
713 2213 773 2282 est.v
808 2211 850 2266 At
863 2209 894 2265 hi
907 2207 1029 2281 quidem,
1044 2213 1079 2267 ut

215 2307 314 2383 populi
335 2304 459 2362 Romani
481 2287 570 2362 aetas
587 2309 641 2371 est,
667 2323 769 2362 senes:
798 2312 830 2363 ut
853 2307 1077 2366 Atheniensium

214 2405 331 2462 saecula
341 2408 532 2469 numerantur,
542 2395 743 2460 adolescentes
754 2405 860 2462 debent
871 2403 973 2461 videri.
996 2407 1076 2463 Nam

214 2503 270 2562 cisi
285 2502 388 2559 Servio
409 2499 510 2558 Tullio
529 2507 669 2574 regnante
684 2503 845 2575 viguerunt,
866 2508 962 2560 tamen
983 2503 1075 2562 mulio

212 2601 319 2658 diutius
334 2599 469 2656 Athenae
476 2599 540 2675 jam
553 2603 644 2664 erant,
658 2617 741 2673 quam
752 2605 796 2657 est
808 2601 899 2658 Roma
914 2603 951 2658 ad
962 2602 1074 2659 hodier-

211 2715 282 2760 num
302 2697 398 2755 diem:
424 2714 481 2754 nee
505 2701 603 2754 tamen
630 2697 737 2765 dubito,
762 2698 831 2773 quin
857 2700 988 2756 hahuerit
1010 2701 1073 2760 vim

210 2815 345 2874 magnam
368 2813 481 2870 semper
500 2795 619 2854 oratio„
642 2775 745 2869 Neque
768 2796 848 2852 enim
867 2796 931 2869 jam
953 2797 1071 2858 Troicis

238 2953 259 2986 ¹⁶
274 2951 380 2998 sudus
392 2964 423 3005 eu,
434 2963 476 3008 pun
492 2948 547 3006 perf.
559 2963 579 2994 a.
590 2962 636 2996 stan
644 2965 663 3008 p.
672 2949 706 3008 p]
722 2947 736 2996 i.
748 2963 768 2994 e.
780 2963 822 3010 qua
839 2948 919 2996 leniter
936 2953 1033 2997 afficeret
1048 2957 1073 2999 et

208 3010 339 3056 delectaret.
370 3009 413 3054 Sed
428 3007 480 3066 qnid
490 3013 523 3052 est
533 3007 637 3054 modun
642 3004 783 3064 perfringere
791 3008 891 3054 usurum?
904 3009 1072 3068 Perfringuutur

208 3067 284 3122 animi,
299 3081 348 3112 cum
363 3065 425 3126 quasi
441 3070 547 3122 coguntur
565 3067 595 3111 ad
611 3065 747 3112 uoluntatem
764 3066 869 3124 dicentis3
887 3069 946 3128 quod
962 3083 1005 3114 uon
1023 3084 1071 3116 esse

207 3123 297 3170 videtur
308 3139 323 3169 a
332 3123 441 3192 suavitate
451 3123 562 3192 orationis.
577 3181 582 3193 ·
593 3123 643 3193 illisi
653 3138 706 3169 vero
715 3124 845 3194 intelligitur
853 3126 948 3171 suavitas
958 3140 971 3171 e
980 3127 1070 3174 sublimi

207 3186 409 3288 tibitibi*
434 3185 978 3306 ”stabilitislittitiiuilllih‘·
995 3186 1070 3290 iti:

206 3299 279 3345 dentis
288 3297 349 3344 verbi
358 3302 434 3346 uatum
449 3301 489 3343 est.
520 3297 557 3344 Sic
571 3297 629 3344 enim
641 3299 698 3346 solet
707 3299 794 3356 Cicero,
809 3304 833 3346 et
847 3299 877 3347 sle
890 3300 960 3347 voluit
974 3257 1070 3350 guiliel-

205 3371 332 3481 mlx-utin
342 3446 370 3479 eo
384 3432 431 3490 ipsa
445 3416 482 3494 ιι]
503 3436 529 3480 ut
541 3426 621 3488 delevi,
640 3435 699 3492 quod
715 3434 799 3494 pariter
814 3430 828 3481 e
843 3434 902 3482 finali
917 3437 1069 3498 praecedentis

233 3495 328 3600 Quaem
359 3491 473 3552 Frigidum
487 3491 547 3540 urim
561 3492 626 3549 toret,
641 3493 773 3552 walengers
791 3499 818 3543 ut
833 3500 857 3542 et
871 3510 945 3557 quum
963 3497 986 3544 iu
1003 3501 1068 3546 mats
