2444 4194
225 309 286 374 150
590 308 731 364 casroi.

220 473 278 516 ucc
299 473 318 516 a
340 459 486 533 postrema
507 459 619 533 syllaba
638 456 743 516 ⁴iultra
765 457 898 516 tertiam:
918 475 976 534 quo
1000 463 1092 539 magis

220 561 353 616 naturam
366 560 469 616 ducem
482 560 519 616 ad
529 557 640 615 aurium
655 560 834 631 voluptatem
847 564 983 633 sequatur
996 561 1093 620 iudus-

220 657 285 716 tria.
327 658 374 716 Ac
389 657 469 715 vocis
483 657 599 732 quidem
613 657 726 714 bonitas
747 658 875 730 optanda
897 663 951 714 est.
973 677 1035 717 aon
1048 665 1092 720 est

220 757 299 814 enim
322 757 354 814 in
374 756 466 814 uobis.
488 757 539 812 sed
555 745 711 822 tractatio,
738 761 824 830 atquc
851 773 918 814 usus
943 756 975 814 in
997 759 1089 816 uobis.

220 855 298 929 Ergo
305 856 356 912 ilie
364 855 499 929 princeps
508 855 634 913 variabit
642 860 672 912 et
680 854 817 926 mutabit3
832 871 932 912 omues
944 873 1091 926 sonorum,

218 958 280 1014 tum
306 952 471 1022 intendens,
492 957 553 1012 tum
577 953 736 1022 remittens,
759 958 945 1028 persequetur
967 957 1089 1029 gradus:

218 1053 353 1128 idemque
376 1059 455 1112 motu
469 1053 511 1112 sic
526 1057 630 1123 utetur,
643 1052 716 1112 nihil
740 1057 772 1110 ut
795 1051 919 1126 supersit
940 1053 973 1110 iu
997 1060 1089 1128 gestu.

220 1153 319 1210 Status
333 1157 446 1211 erectus
459 1159 490 1211 et
502 1153 616 1212 celsus:
638 1135 715 1210 rarus
729 1151 868 1220 incessus,
882 1169 939 1209 neo
961 1152 1005 1210 ita
1028 1155 1089 1212 lou·

216 1262 287 1326 gua:
308 1251 442 1309 excursio
462 1253 619 1319 moderata,
642 1268 733 1326 eaque
756 1266 839 1308 rara:
861 1251 941 1307 nulia
964 1251 1091 1324 mollitia

216 1347 375 1416 cervicum,
389 1352 486 1406 nullae
499 1349 628 1424 argutiae
641 1349 806 1423 digitorum,
818 1365 876 1406 non
886 1339 925 1405 ad
939 1367 1090 1408 numerum

215 1447 352 1506 articulus
366 1449 491 1505 cedens:
506 1453 609 1506 trunco
622 1447 715 1522 magis
730 1453 791 1505 toto
804 1465 836 1504 se
849 1448 913 1520 ipsc
927 1451 1091 1522 moderans,
1188 1446 1196 1466 ⁴

216 1552 247 1604 at
260 1545 339 1604 virili
353 1549 474 1604 laterum
488 1546 624 1613 flexione,
638 1546 749 1604 brachii
763 1545 941 1621 projectione
962 1547 995 1605 iu
1019 1565 1090 1606 coa-

215 1645 402 1714 tcu'tiouibus,
423 1644 623 1703 contractione
647 1644 679 1701 iu
698 1644 834 1702 remissis.
876 1645 985 1702 Vultus
1008 1664 1089 1716 vero,

215 1744 264 1822 qui
277 1746 435 1802 secundum
450 1759 553 1802 vocem
567 1743 720 1816 plurimum
733 1747 837 1817 potest,
850 1748 989 1818 quantam
1004 1747 1089 1804 effert

216 1850 277 1905 tum
290 1843 470 1919 dignitatem,
485 1847 545 1901 turn
559 1839 765 1900 venustatem?
785 1841 817 1899 iu
830 1859 887 1917 quo
900 1858 967 1900 cum
982 1843 1088 1900 effece-

215 1945 264 2015 ris,
273 1964 311 2004 ne
325 1944 394 2020 quid
406 1943 545 2019 ineptum,
559 1947 609 2000 eut
622 1943 785 2000 vultuosum
798 1939 845 2008 sit,
859 1944 920 1998 tum
933 1943 1084 2000 oculorum

214 2051 260 2102 est
273 2046 414 2120 quaedam
433 2034 538 2117 magna
559 2040 726 2100 moderatio.
751 2024 846 2096 vNum
868 2044 900 2096 ut
920 2039 1020 2114 imago
1041 2046 1086 2099 est

214 2143 313 2208 animi,
325 2145 439 2198 vultus:
454 2142 496 2196 sic
511 2140 624 2196 iudices
637 2139 730 2196 oculi:
745 2154 864 2212 quorum
874 2143 903 2194 et
917 2137 1085 2208 hilaritatis,

213 2245 244 2298 et
258 2238 389 2312 vicissim
399 2235 532 2294 tristitiae
546 2219 662 2294 modum
675 2253 722 2294 res
734 2235 825 2311 ipsee,
838 2237 875 2292 de
893 2235 997 2312 quibus
1015 2254 1084 2314 age·

213 2343 267 2405 tur,
281 2337 491 2410 temperabunt.
1015 2387 1017 2391 ,

162 2443 201 2502 19
255 2436 386 2510 Sedjam
399 2433 477 2493 illius
491 2433 612 2508 perfecti
626 2434 747 2494 oratoris
761 2439 792 2492 et
805 2450 933 2492 summae
947 2435 1086 2510 eloquen-

212 2536 272 2594 tiae
282 2534 394 2608 species
406 2529 595 2608 exprimenda
606 2538 667 2591 eat:
689 2551 775 2608 quem
786 2535 842 2592 hoc
856 2551 914 2591 uno
925 2527 1086 2603 excellere,

211 2635 242 2693 id
263 2638 308 2691 est
329 2633 470 2701 oratioue,
487 2636 587 2691 cetera
607 2631 638 2689 in
659 2649 696 2688 eo
718 2631 953 2701 latere,dudicst
974 2647 1083 2690 nomeu

211 2735 314 2810 ipsum.
370 2733 439 2791 Non
466 2731 545 2789 euim
571 2731 716 2798 inventor,
729 2733 793 2788 'aut
819 2731 1004 2804 compositor,
1031 2735 1083 2788 aut

211 2839 301 2903 actor,
323 2815 397 2890 haec
418 2833 586 2904 complexus
608 2835 652 2887 est
669 2827 776 2896 omnia,
791 2830 843 2886 scd
862 2833 893 2885 et
913 2843 1020 2902 graece
1041 2829 1082 2886 ab

210 2933 373 3008 eloquendo
387 2932 463 3002 imag,
477 2934 507 2985 et
520 2929 611 2986 latine
630 2931 769 3002 eloquens
790 2926 885 2984 dictus
899 2931 953 2983 cst.
995 2919 1085 2984 Cete-

209 3045 303 3088 rarum
317 3028 396 3086 euim
410 3044 511 3094 rerum,
524 3044 597 3102 quae
620 3030 686 3083 sunt
707 3025 738 3082 in
760 3031 882 3094 oratore,
902 3029 1014 3098 partem
1027 3023 1081 3082 ali·

209 3142 295 3200 quum
315 3125 371 3182 sibi
395 3125 513 3199 quisque
539 3125 696 3184 vendicat:
715 3123 834 3181 dicendi
852 3126 959 3190 autem,
978 3122 1010 3180 id
1032 3126 1080 3180 est

179 3238 181 3245 ⁴
208 3221 373 3296 eloquendi,
392 3222 521 3280 maxima
535 3224 581 3281 vis
600 3222 656 3280 soli
668 3221 737 3280 huic
751 3221 931 3280 conceditur.
974 3222 1084 3294 Quam·

208 3374 468 3484 „fructuos
482 3373 833 3492 trituramus
841 3374 1083 3491 dimititte}

207 3495 231 3542 id
240 3494 300 3558 quod
315 3493 397 3542 tirones
411 3490 495 3538 sciunt:
512 3505 622 3552 nunquam
637 3497 739 3552 quartam
753 3507 854 3553 nempeu
864 3497 986 3550 postrema.-
1001 3489 1030 3536 ab
1040 3491 1083 3536 hae

208 3555 266 3602 euim
280 3553 316 3600 hic
332 3550 461 3601 numerandi
476 3549 570 3597 initium.
587 3564 609 3596 v.
627 3549 721 3601 Quintil.
739 3552 757 3607 1,
772 3556 795 3608 t,
805 3555 842 3601 30.
873 3549 926 3600 Hoc
941 3549 1022 3598 vitium
1036 3561 1081 3598 non

207 3613 383 3668 ammadversum
392 3625 447 3670 esse,
458 3613 481 3658 et
492 3613 539 3666 tam
550 3607 588 3668 diu
597 3608 725 3667 toleratum,
734 3609 810 3658 miror.
826 3673 830 3680 ¹

582 3687 589 3708 2
