2460 4184
473 326 482 346 s
514 315 648 368 llnll'rlls.
966 327 1006 385 39

133 464 372 528 ariSccevolee
391 465 553 541 diligentie,
567 481 665 524 socors
685 462 775 540 ipsius
796 467 897 523 natura
916 465 1009 542 negli-

140 583 269 640 gensque
284 563 459 622 tsrdaverat.
499 564 598 622 Etiam
612 565 648 622 L.
665 564 839 639 Torquatus,
852 566 969 639 elegans
979 565 1011 622 in

139 663 280 730 dicendo,
294 662 326 722 in
347 662 542 720 existimando
562 663 716 719 admodum
733 663 870 737 prudens,
886 666 948 719 toto
965 681 1013 736 ge-

142 779 213 818 nere
227 763 415 834 perurbanus.
456 759 542 816 Meus
562 762 659 817 autem
677 759 805 834 aequalis
820 759 877 818 (in.
892 761 1014 834 Pompe·

138 859 198 932 jus,
212 857 260 916 vir
273 859 311 916 ud
324 857 423 934 omnia
436 873 546 914 summa
560 861 654 926 uatus,
667 858 805 932 majorem
824 857 943 917 dicendi
955 859 1016 932 glo·

144 955 222 1014 riam
236 955 396 1025 habuisset,
410 955 468 1012 nisi
480 973 548 1012 cum
568 953 683 1029 majoris
700 955 809 1030 gloriae
822 957 964 1030 cupiditas
979 956 1016 1012 erl

146 1056 269 1114 bellicas
284 1055 383 1112 laudes
396 1051 594 1110 abstraxisset.
612 1091 616 1098 1
634 1053 706 1110 Erat
724 1053 856 1112 oratione
875 1054 945 1112 estis
958 1071 1017 1111 am-

145 1155 219 1226 plus,
233 1171 295 1211 rem
308 1153 466 1226 prudenter
479 1145 614 1206 videbat:
635 1151 713 1208 actio
732 1169 804 1208 vero
817 1142 878 1225 ejus
892 1153 1017 1210 babebat

143 1255 175 1308 et
188 1252 222 1310 in
235 1267 312 1310 voce
326 1265 464 1323 magnum
485 1250 675 1325 splendorem,
689 1254 719 1307 et
732 1249 764 1307 in
784 1253 863 1307 motu
876 1265 1016 1308 summam

144 1350 328 1424 dignitatem.
371 1349 480 1408 Noster
490 1350 561 1407 item
569 1347 696 1422 aequalis
706 1349 746 1406 D.
757 1347 883 1416 Silanus,
894 1347 1015 1406 vitricus

145 1453 223 1514 tuus,
237 1447 325 1504 studii
342 1447 394 1504 ille
408 1447 523 1521 quidem
543 1446 643 1505 babuit
663 1463 721 1504 non
741 1447 871 1513 multum,
885 1447 937 1504 sed
949 1463 1016 1504 acu·

147 1544 240 1604 minis
254 1549 285 1601 ct
298 1543 436 1606 orationis
455 1545 533 1604 satis.
575 1545 613 1616 Q.
628 1544 782 1618 Pompejus
797 1546 836 1602 A.
852 1545 888 1602 1³.
903 1545 951 1621 qui
965 1544 1015 1602 Bi·

146 1640 403 1716 thynicusdiotus
430 1648 482 1713 est,
515 1640 676 1711 ⁵‘biennio
702 1659 788 1717 quom
813 1659 876 1710 nos,
895 1643 1016 1701 tortasse

148 1741 249 1813 maj0r,
263 1757 374 1800 summo
397 1741 492 1800 studio
513 1739 642 1808 dicendi,
655 1741 800 1814 multaque
820 1739 961 1809 doctrina,
974 1741 1017 1798 in·

146 1838 283 1896 credibili
296 1841 395 1896 labore
415 1843 501 1912 etque
521 1837 681 1907 industris3
700 1838 777 1913 quod
796 1837 872 1895 scire
891 1855 1016 1910 possum.

148 1937 206 1996 luit
219 1935 300 1994 enim
321 1952 437 1992 mecum
459 1941 577 1992 etcum
598 1934 642 1990 Μ.
656 1935 774 2000 Pisone,
793 1951 861 1990 oum
881 1933 1019 2000 amicitia,

147 2040 214 2091 tum
240 2031 353 2099 studiis,
380 2029 691 2104 exercitationibusque
724 2031 904 2105 conjunctus.
937 2031 1019 2105 bujus

146 2131 232 2192 ectio
246 2147 306 2191 non
320 2128 390 2188 satis
403 2129 624 2187 commendebat
636 2127 806 2186 orationem.
824 2128 856 2187 in
870 2129 926 2200 bac
941 2129 1019 2192 enim

151 2231 222 2288 setis
237 2233 300 2286 erat
312 2227 425 2300 copiae,
438 2227 470 2284 in
489 2227 542 2284 ille
559 2231 656 2285 autem
675 2227 779 2300 leporis
798 2213 906 2302 parom.
946 2220 1019 2288 Erat

151 2329 213 2402 ejus
227 2326 357 2402 aequalis
367 2326 402 2383 1³.
414 2325 583 2393 Autronius,
597 2333 672 2383 voce
685 2329 831 2398 peracuta,
841 2331 927 2401 etque
940 2344 1018 2402 mag·

152 2445 201 2495 rra,
215 2443 271 2486 nec
285 2424 345 2482 elie
358 2441 388 2484 re
402 2425 462 2482 ulls
475 2423 648 2498 probabilis:
668 2427 700 2480 et
713 2423 749 2482 L.
764 2423 906 2481 Octavius
921 2422 1019 2482 Reati-

154 2544 217 2593 nus,
232 2525 281 2600 qui
301 2541 368 2582 cum
389 2524 493 2580 multas
506 2522 571 2596 jam
589 2537 692 2579 causas
709 2521 830 2589 diceret,
849 2522 1020 2582 adolescens

154 2629 200 2684 est
219 2627 356 2682 mortuus.
376 2619 401 2677 is
420 2625 519 2677 tamen
538 2620 576 2678 ad
595 2619 751 2676 dicendum
770 2617 910 2677 veniebat
927 2619 1020 2694 magis

153 2723 299 2788 audacter,
311 2735 398 2794 quam
411 2719 520 2790 parate.
559 2713 579 2747 ⁸⁵
590 2715 631 2774 Et
644 2715 680 2773 0.
692 2713 837 2783 Sidenus,
850 2715 900 2790 qui
912 2733 944 2773 se
956 2717 1020 2789 ipse

156 2821 355 2894 adoptaverat,
376 2814 465 2874 etde
490 2813 612 2870 Staleno
632 2810 751 2870 Aelium
772 2813 890 2878 lecerat,
908 2812 1022 2870 feruido

156 2918 289 2993 quodum,
300 2920 330 2974 et
343 2911 494 2988 petulanti,
508 2916 539 2967 et
552 2908 659 2968 tunore
670 2925 778 2984 genere
790 2907 926 2966 timendi:
946 2911 1021 2992 qnod¹

156 3013 224 3091 quia
236 3013 333 3071 multis
353 3014 466 3086 gratum
486 3012 548 3068 eret
569 3012 600 3078 et
622 3009 802 3082 probabatur,
823 3006 1020 3069 adscendisset

183 3167 206 3201 ss
220 3166 315 3223 am,
326 3177 446 3224 dmm·
462 3160 647 3222 submersior]
664 3174 685 3209 r.
696 3159 761 3208 Clsv.
771 3159 900 3220 infertores,
910 3167 1021 3214 retentes

147 3227 419 3360 fertilitastobnoa]
449 3299 562 3347 Slcreseri
588 3297 652 3362 ‘pro
665 3263 782 3348 Stoicam.-
811 3302 854 3348 uod
869 3301 943 3348 neseio

153 3362 238 3410 &mdiu
247 3361 276 3408 sit
287 3361 416 3418 toleratum,
426 3358 514 3406 comsit
528 3358 565 3404 Sto
603 3359 662 3405 usin
679 3359 720 3407 Or.
731 3373 772 3420 pro
817 3359 878 3408 uent'.
888 3365 913 3405 et
925 3316 1022 3415 ellim

153 3433 224 3492 propo
246 3425 305 3489 ¹etur
314 3433 328 3464 a
337 3417 406 3464 Rivio
416 3417 445 3464 sd
453 3418 475 3463 b.
483 3418 499 3463 l
531 3417 580 3464 nsi
589 3418 698 3480 qrrasdam
708 3422 785 3488 conns
793 3419 893 3488 disputet
901 3417 927 3464 Ρ.
937 3417 1022 3464 Manu-

153 3479 311 3598 ttrgsipwrrlelem
325 3478 365 3523 Or.
381 3477 457 3538 (quem
466 3476 523 3536 vra)
533 3479 606 3524 tamen
621 3480 745 3523 mmtenbs
761 3476 888 3524 edbrbenda
903 3489 926 3522 m
943 3473 1021 3520 eodsrn

198 3635 271 3676 ron.
294 3633 341 3673 nr.
631 3609 650 3671 s

1196 664 1199 728 l

1199 758 1200 804 l
