<?xml version="1.0" encoding="UTF-8"?>
<!DOCTYPE html PUBLIC "-//W3C//DTD XHTML 1.0 Transitional//EN"
    "http://www.w3.org/TR/xhtml1/DTD/xhtml1-transitional.dtd">
<html xmlns="http://www.w3.org/1999/xhtml" xml:lang="en" lang="en">
 <head>
  <title>
</title>
<meta http-equiv="Content-Type" content="text/html;charset=utf-8" />
  <meta name='ocr-system' content='tesseract 3.04.00' />
  <meta name='ocr-capabilities' content='ocr_page ocr_carea ocr_par ocr_line ocrx_word'/>
</head>
<body>
  <div class='ocr_page' id='page_1' title='image "./mtvlliiciceroni09cicegoog/mtvlliiciceroni09cicegoog_0121.png"; bbox 0 0 2444 4194; ppageno 0'>
   <div class='ocr_carea' id='block_1_1' title="bbox 247 291 787 398">
    <p class='ocr_par' dir='ltr' id='par_1_1' title="bbox 247 291 787 398">
     <span class='ocr_line' id='line_1_1' title="bbox 247 291 787 398; baseline 0.009 -2"><span class='ocrx_word' id='word_1_1' title='bbox 247 337 309 397; x_wconf 86' lang='lat' dir='ltr'><strong>rra</strong></span> <span class='ocrx_word' id='word_1_2' title='bbox 611 329 746 398; x_wconf 54' lang='lat' dir='ltr'><strong>mill·</strong></span> <span class='ocrx_word' id='word_1_3' title='bbox 784 291 787 296; x_wconf 34' lang='lat'>⁵</span> 
     </span>
    </p>
   </div>
   <div class='ocr_carea' id='block_1_2' title="bbox 149 474 1213 3312">
    <p class='ocr_par' dir='ltr' id='par_1_2' title="bbox 149 474 1213 3312">
     <span class='ocr_line' id='line_1_2' title="bbox 244 474 1117 552; baseline 0.003 -18"><span class='ocrx_word' id='word_1_4' title='bbox 244 483 371 545; x_wconf 84' lang='lat' dir='ltr'><strong>acutum,</strong></span> <span class='ocrx_word' id='word_1_5' title='bbox 389 477 522 552; x_wconf 89' lang='lat' dir='ltr'><strong>prudens,</strong></span> <span class='ocrx_word' id='word_1_6' title='bbox 541 481 573 535; x_wconf 89' lang='lat' dir='ltr'><strong>et</strong></span> <span class='ocrx_word' id='word_1_7' title='bbox 595 477 674 534; x_wconf 89' lang='lat' dir='ltr'><strong>idem</strong></span> <span class='ocrx_word' id='word_1_8' title='bbox 686 477 841 544; x_wconf 88' lang='lat' dir='ltr'><strong>sincerum,</strong></span> <span class='ocrx_word' id='word_1_9' title='bbox 862 481 893 533; x_wconf 89' lang='lat' dir='ltr'><strong>et</strong></span> <span class='ocrx_word' id='word_1_10' title='bbox 904 474 1074 546; x_wconf 69' lang='lat' dir='ltr'><strong>”mildam</strong></span> <span class='ocrx_word' id='word_1_11' title='bbox 1087 485 1117 538; x_wconf 89' lang='lat' dir='ltr'><strong>ct</strong></span> 
     </span>
     <span class='ocr_line' id='line_1_3' title="bbox 243 575 1117 651; baseline 0.006 -19"><span class='ocrx_word' id='word_1_12' title='bbox 243 575 428 634; x_wconf 83' lang='lat' dir='ltr'><strong>exsiccatum</strong></span> <span class='ocrx_word' id='word_1_13' title='bbox 441 594 531 649; x_wconf 84' lang='lat' dir='ltr'><strong>genus</strong></span> <span class='ocrx_word' id='word_1_14' title='bbox 542 575 680 633; x_wconf 89' lang='lat' dir='ltr'><strong>orationis</strong></span> <span class='ocrx_word' id='word_1_15' title='bbox 694 578 826 648; x_wconf 90' lang='lat' dir='ltr'><strong>prohant,</strong></span> <span class='ocrx_word' id='word_1_16' title='bbox 846 593 902 634; x_wconf 85' lang='lat' dir='ltr'><strong>nec</strong></span> <span class='ocrx_word' id='word_1_17' title='bbox 916 575 968 634; x_wconf 93' lang='lat' dir='ltr'><strong>illo</strong></span> <span class='ocrx_word' id='word_1_18' title='bbox 981 578 1117 651; x_wconf 80' lang='lat' dir='ltr'><strong>graviore</strong></span> 
     </span>
     <span class='ocr_line' id='line_1_4' title="bbox 243 675 1116 750; baseline 0.006 -20"><span class='ocrx_word' id='word_1_19' title='bbox 243 680 346 733; x_wconf 89' lang='lat' dir='ltr'><strong>ornatu</strong></span> <span class='ocrx_word' id='word_1_20' title='bbox 366 675 490 732; x_wconf 87' lang='lat' dir='ltr'><strong>oratorio</strong></span> <span class='ocrx_word' id='word_1_21' title='bbox 503 678 628 742; x_wconf 89' lang='lat' dir='ltr'><strong>utuntur,</strong></span> <span class='ocrx_word' id='word_1_22' title='bbox 649 679 680 731; x_wconf 89' lang='lat' dir='ltr'><strong>et</strong></span> <span class='ocrx_word' id='word_1_23' title='bbox 693 676 749 732; x_wconf 93' lang='lat' dir='ltr'><strong>hoc</strong></span> <span class='ocrx_word' id='word_1_24' title='bbox 763 675 907 750; x_wconf 88' lang='lat' dir='ltr'><strong>proprium</strong></span> <span class='ocrx_word' id='word_1_25' title='bbox 921 693 984 733; x_wconf 88' lang='lat' dir='ltr'><strong>esse</strong></span> <span class='ocrx_word' id='word_1_26' title='bbox 1001 676 1116 734; x_wconf 84' lang='lat' dir='ltr'><strong>Attico</strong></span> 
     </span>
     <span class='ocr_line' id='line_1_5' title="bbox 243 773 1113 843; baseline 0.002 -13"><span class='ocrx_word' id='word_1_27' title='bbox 243 791 305 830; x_wconf 86' lang='lat' dir='ltr'><strong>rom</strong></span> <span class='ocrx_word' id='word_1_28' title='bbox 318 775 436 842; x_wconf 87' lang='lat' dir='ltr'><strong>volunt;</strong></span> <span class='ocrx_word' id='word_1_29' title='bbox 456 777 536 830; x_wconf 88' lang='lat' dir='ltr'><strong>recte</strong></span> <span class='ocrx_word' id='word_1_30' title='bbox 558 774 686 830; x_wconf 84' lang='lat' dir='ltr'><strong>laudant</strong></span> <span class='ocrx_word' id='word_1_31' title='bbox 727 774 781 831; x_wconf 83' lang='lat' dir='ltr'><strong>Est</strong></span> <span class='ocrx_word' id='word_1_32' title='bbox 794 773 874 832; x_wconf 83' lang='lat' dir='ltr'><strong>euim</strong></span> <span class='ocrx_word' id='word_1_33' title='bbox 893 773 1003 831; x_wconf 84' lang='lat' dir='ltr'><strong>inerte</strong></span> <span class='ocrx_word' id='word_1_34' title='bbox 1023 779 1113 843; x_wconf 85' lang='lat' dir='ltr'><strong>tanta,</strong></span> 
     </span>
     <span class='ocr_line' id='line_1_6' title="bbox 185 871 1114 947; baseline 0.003 -19"><span class='ocrx_word' id='word_1_35' title='bbox 185 899 189 908; x_wconf 83' lang='lat'><strong>·</strong></span> <span class='ocrx_word' id='word_1_36' title='bbox 242 877 358 947; x_wconf 88' lang='lat' dir='ltr'><strong>tamque</strong></span> <span class='ocrx_word' id='word_1_37' title='bbox 382 871 474 940; x_wconf 89' lang='lat' dir='ltr'><strong>varia,</strong></span> <span class='ocrx_word' id='word_1_38' title='bbox 506 871 595 928; x_wconf 90' lang='lat' dir='ltr'><strong>etiam</strong></span> <span class='ocrx_word' id='word_1_39' title='bbox 613 873 681 930; x_wconf 91' lang='lat' dir='ltr'><strong>huic</strong></span> <span class='ocrx_word' id='word_1_40' title='bbox 705 871 833 932; x_wconf 88' lang='lat' dir='ltr'><strong>minutae</strong></span> <span class='ocrx_word' id='word_1_41' title='bbox 854 872 1009 930; x_wconf 70' lang='lat' dir='ltr'><strong>subtilitati</strong></span> <span class='ocrx_word' id='word_1_42' title='bbox 1024 875 1114 931; x_wconf 89' lang='lat' dir='ltr'><strong>locus.</strong></span> 
     </span>
     <span class='ocr_line' id='line_1_7' title="bbox 242 970 1115 1044; baseline 0.003 -18"><span class='ocrx_word' id='word_1_43' title='bbox 242 970 285 1026; x_wconf 91' lang='lat' dir='ltr'><strong>ita</strong></span> <span class='ocrx_word' id='word_1_44' title='bbox 294 971 354 1038; x_wconf 86' lang='lat' dir='ltr'><strong>liet,</strong></span> <span class='ocrx_word' id='word_1_45' title='bbox 367 976 398 1027; x_wconf 90' lang='lat' dir='ltr'><strong>ut</strong></span> <span class='ocrx_word' id='word_1_46' title='bbox 409 987 468 1028; x_wconf 92' lang='lat' dir='ltr'><strong>nou</strong></span> <span class='ocrx_word' id='word_1_47' title='bbox 479 987 589 1038; x_wconf 88' lang='lat' dir='ltr'><strong>omnes,</strong></span> <span class='ocrx_word' id='word_1_48' title='bbox 600 970 649 1044; x_wconf 92' lang='lat' dir='ltr'><strong>qui</strong></span> <span class='ocrx_word' id='word_1_49' title='bbox 664 970 775 1038; x_wconf 78' lang='lat' dir='ltr'><strong>Attice,</strong></span> <span class='ocrx_word' id='word_1_50' title='bbox 788 970 878 1028; x_wconf 88' lang='lat' dir='ltr'><strong>iidem</strong></span> <span class='ocrx_word' id='word_1_51' title='bbox 892 972 985 1040; x_wconf 85' lang='lat' dir='ltr'><strong>benc;</strong></span> <span class='ocrx_word' id='word_1_52' title='bbox 1007 973 1070 1040; x_wconf 87' lang='lat' dir='ltr'><strong>sed,</strong></span> <span class='ocrx_word' id='word_1_53' title='bbox 1084 975 1115 1029; x_wconf 87' lang='lat' dir='ltr'><strong>ut</strong></span> 
     </span>
     <span class='ocr_line' id='line_1_8' title="bbox 149 1068 1114 1145; baseline 0.002 -19"><span class='ocrx_word' id='word_1_54' title='bbox 149 1095 154 1110; x_wconf 89' lang='lat'><strong>.</strong></span> <span class='ocrx_word' id='word_1_55' title='bbox 242 1086 353 1138; x_wconf 87' lang='lat' dir='ltr'><strong>omnes,</strong></span> <span class='ocrx_word' id='word_1_56' title='bbox 376 1069 426 1145; x_wconf 88' lang='lat' dir='ltr'><strong>qui</strong></span> <span class='ocrx_word' id='word_1_57' title='bbox 447 1071 532 1136; x_wconf 87' lang='lat' dir='ltr'><strong>hene,</strong></span> <span class='ocrx_word' id='word_1_58' title='bbox 552 1069 642 1126; x_wconf 92' lang='lat' dir='ltr'><strong>iidem</strong></span> <span class='ocrx_word' id='word_1_59' title='bbox 663 1068 751 1126; x_wconf 85' lang='lat' dir='ltr'><strong>etiam</strong></span> <span class='ocrx_word' id='word_1_60' title='bbox 774 1069 876 1128; x_wconf 81' lang='lat' dir='ltr'><strong>Attice</strong></span> <span class='ocrx_word' id='word_1_61' title='bbox 899 1069 1010 1127; x_wconf 89' lang='lat' dir='ltr'><strong>dicant.</strong></span> <span class='ocrx_word' id='word_1_62' title='bbox 1054 1070 1114 1128; x_wconf 83' lang='lat' dir='ltr'><strong>Sed</strong></span> 
     </span>
     <span class='ocr_line' id='line_1_9' title="bbox 241 1168 760 1228; baseline 0 -4"><span class='ocrx_word' id='word_1_63' title='bbox 241 1170 392 1226; x_wconf 77' lang='lat' dir='ltr'>redeamus</span> <span class='ocrx_word' id='word_1_64' title='bbox 406 1186 500 1226; x_wconf 88' lang='lat' dir='ltr'><strong>rursus</strong></span> <span class='ocrx_word' id='word_1_65' title='bbox 513 1169 551 1226; x_wconf 84' lang='lat' dir='ltr'><strong>ad</strong></span> <span class='ocrx_word' id='word_1_66' title='bbox 566 1168 760 1228; x_wconf 84' lang='lat' dir='ltr'><strong>Hortensium.</strong></span> 
     </span>
     <span class='ocr_line' id='line_1_10' title="bbox 189 1258 1111 1342; baseline -0.001 -18"><span class='ocrx_word' id='word_1_67' title='bbox 189 1258 231 1316; x_wconf 78' lang='grc'><strong>35</strong></span> <span class='ocrx_word' id='word_1_68' title='bbox 284 1268 363 1324; x_wconf 83' lang='lat' dir='ltr'><strong>Sane</strong></span> <span class='ocrx_word' id='word_1_69' title='bbox 382 1267 510 1341; x_wconf 85' lang='lat' dir='ltr'><strong>quidem,</strong></span> <span class='ocrx_word' id='word_1_70' title='bbox 530 1267 626 1341; x_wconf 89' lang='lat' dir='ltr'><strong>inquit</strong></span> <span class='ocrx_word' id='word_1_71' title='bbox 639 1268 761 1324; x_wconf 91' lang='lat' dir='ltr'><strong>Brutus:</strong></span> <span class='ocrx_word' id='word_1_72' title='bbox 783 1283 952 1342; x_wconf 86' lang='lat' dir='ltr'><strong>quamquam</strong></span> <span class='ocrx_word' id='word_1_73' title='bbox 969 1266 1027 1324; x_wconf 86' lang='lat' dir='ltr'><strong>ista</strong></span> <span class='ocrx_word' id='word_1_74' title='bbox 1040 1266 1111 1324; x_wconf 90' lang='lat' dir='ltr'><strong>mihi</strong></span> 
     </span>
     <span class='ocr_line' id='line_1_11' title="bbox 241 1363 1213 1438; baseline 0.002 -18"><span class='ocrx_word' id='word_1_75' title='bbox 241 1368 291 1420; x_wconf 89' lang='lat' dir='ltr'><strong>tua</strong></span> <span class='ocrx_word' id='word_1_76' title='bbox 313 1364 367 1420; x_wconf 82' lang='lat' dir='ltr'><strong>tuit</strong></span> <span class='ocrx_word' id='word_1_77' title='bbox 389 1367 566 1437; x_wconf 85' lang='lat' dir='ltr'><strong>perjucunda</strong></span> <span class='ocrx_word' id='word_1_78' title='bbox 587 1382 605 1421; x_wconf 88' lang='lat' dir='ltr'><strong>a</strong></span> <span class='ocrx_word' id='word_1_79' title='bbox 627 1363 773 1438; x_wconf 89' lang='lat' dir='ltr'><strong>proposita</strong></span> <span class='ocrx_word' id='word_1_80' title='bbox 799 1365 929 1423; x_wconf 86' lang='lat' dir='ltr'><strong>oratione</strong></span> <span class='ocrx_word' id='word_1_81' title='bbox 951 1363 1110 1438; x_wconf 87' lang='lat' dir='ltr'><strong>degressio.</strong></span> <span class='ocrx_word' id='word_1_82' title='bbox 1212 1381 1213 1388; x_wconf 55' lang='lat'>¹</span> 
     </span>
     <span class='ocr_line' id='line_1_12' title="bbox 241 1461 1110 1537; baseline 0.002 -19"><span class='ocrx_word' id='word_1_83' title='bbox 241 1462 322 1518; x_wconf 80' lang='lat' dir='ltr'><strong>&#39;Pom</strong></span> <span class='ocrx_word' id='word_1_84' title='bbox 346 1461 472 1530; x_wconf 89' lang='lat' dir='ltr'><strong>Atticus,</strong></span> <span class='ocrx_word' id='word_1_85' title='bbox 499 1463 664 1537; x_wconf 86' lang='lat' dir='ltr'><strong>Aliquoties</strong></span> <span class='ocrx_word' id='word_1_86' title='bbox 687 1479 759 1531; x_wconf 90' lang='lat' dir='ltr'><strong>sum,</strong></span> <span class='ocrx_word' id='word_1_87' title='bbox 787 1463 889 1537; x_wconf 90' lang='lat' dir='ltr'><strong>iuquit,</strong></span> <span class='ocrx_word' id='word_1_88' title='bbox 913 1468 1048 1532; x_wconf 88' lang='lat' dir='ltr'><strong>conatus,</strong></span> <span class='ocrx_word' id='word_1_89' title='bbox 1060 1464 1110 1520; x_wconf 87' lang='lat' dir='ltr'><strong>sed</strong></span> 
     </span>
     <span class='ocr_line' id='line_1_13' title="bbox 240 1561 1111 1636; baseline 0.002 -20"><span class='ocrx_word' id='word_1_90' title='bbox 240 1561 424 1634; x_wconf 85' lang='lat' dir='ltr'><strong>interpellare</strong></span> <span class='ocrx_word' id='word_1_91' title='bbox 446 1561 535 1618; x_wconf 93' lang='lat' dir='ltr'><strong>nolui.</strong></span> <span class='ocrx_word' id='word_1_92' title='bbox 577 1561 675 1628; x_wconf 90' lang='lat' dir='ltr'><strong>Nunc,</strong></span> <span class='ocrx_word' id='word_1_93' title='bbox 699 1563 836 1636; x_wconf 87' lang='lat' dir='ltr'><strong>quoniam</strong></span> <span class='ocrx_word' id='word_1_94' title='bbox 859 1563 896 1618; x_wconf 92' lang='lat' dir='ltr'><strong>ad</strong></span> <span class='ocrx_word' id='word_1_95' title='bbox 920 1563 1111 1635; x_wconf 86' lang='lat' dir='ltr'><strong>perorandum</strong></span> 
     </span>
     <span class='ocr_line' id='line_1_14' title="bbox 239 1659 1112 1734; baseline 0.003 -19"><span class='ocrx_word' id='word_1_96' title='bbox 239 1664 371 1732; x_wconf 86' lang='lat' dir='ltr'><strong>spectare</strong></span> <span class='ocrx_word' id='word_1_97' title='bbox 386 1659 502 1718; x_wconf 88' lang='lat' dir='ltr'><strong>videtur</strong></span> <span class='ocrx_word' id='word_1_98' title='bbox 514 1677 611 1718; x_wconf 81' lang='lat' dir='ltr'><strong>sermo</strong></span> <span class='ocrx_word' id='word_1_99' title='bbox 622 1665 696 1727; x_wconf 87' lang='lat' dir='ltr'><strong>tuus,</strong></span> <span class='ocrx_word' id='word_1_100' title='bbox 715 1660 821 1728; x_wconf 89' lang='lat' dir='ltr'><strong>dicam,</strong></span> <span class='ocrx_word' id='word_1_101' title='bbox 834 1661 945 1734; x_wconf 81' lang='lat' dir='ltr'><strong>opinor,</strong></span> <span class='ocrx_word' id='word_1_102' title='bbox 958 1661 1036 1734; x_wconf 91' lang='lat' dir='ltr'><strong>quod</strong></span> <span class='ocrx_word' id='word_1_103' title='bbox 1051 1677 1112 1718; x_wconf 89' lang='lat' dir='ltr'><strong>seu·</strong></span> 
     </span>
     <span class='ocr_line' id='line_1_15' title="bbox 240 1756 1112 1832; baseline -0.001 -17"><span class='ocrx_word' id='word_1_104' title='bbox 240 1756 290 1815; x_wconf 85' lang='lat' dir='ltr'><strong>tio.</strong></span> <span class='ocrx_word' id='word_1_105' title='bbox 333 1758 382 1814; x_wconf 83' lang='lat' dir='ltr'><strong>Tu</strong></span> <span class='ocrx_word' id='word_1_106' title='bbox 398 1775 478 1825; x_wconf 91' lang='lat' dir='ltr'><strong>vero,</strong></span> <span class='ocrx_word' id='word_1_107' title='bbox 489 1758 617 1832; x_wconf 87' lang='lat' dir='ltr'><strong>inquam,</strong></span> <span class='ocrx_word' id='word_1_108' title='bbox 628 1758 710 1815; x_wconf 82' lang='lat' dir='ltr'><strong>Tite.</strong></span> <span class='ocrx_word' id='word_1_109' title='bbox 753 1759 832 1815; x_wconf 83' lang='lat' dir='ltr'><strong>Tum</strong></span> <span class='ocrx_word' id='word_1_110' title='bbox 847 1759 907 1826; x_wconf 92' lang='lat' dir='ltr'><strong>ille,</strong></span> <span class='ocrx_word' id='word_1_111' title='bbox 921 1757 995 1830; x_wconf 84' lang='lat' dir='ltr'><strong>Ego,</strong></span> <span class='ocrx_word' id='word_1_112' title='bbox 1009 1757 1112 1832; x_wconf 88' lang='lat' dir='ltr'><strong>inquit,</strong></span> 
     </span>
     <span class='ocr_line' id='line_1_16' title="bbox 239 1855 1111 1931; baseline -0.002 -17"><span class='ocrx_word' id='word_1_113' title='bbox 239 1855 364 1914; x_wconf 76' lang='lat' dir='ltr'><strong>ironiam</strong></span> <span class='ocrx_word' id='word_1_114' title='bbox 377 1855 469 1924; x_wconf 87' lang='lat' dir='ltr'><strong>illam,</strong></span> <span class='ocrx_word' id='word_1_115' title='bbox 483 1873 568 1930; x_wconf 86' lang='lat' dir='ltr'><strong>quam</strong></span> <span class='ocrx_word' id='word_1_116' title='bbox 582 1856 613 1913; x_wconf 91' lang='lat' dir='ltr'><strong>in</strong></span> <span class='ocrx_word' id='word_1_117' title='bbox 629 1858 749 1915; x_wconf 87' lang='lat' dir='ltr'><strong>Socrate</strong></span> <span class='ocrx_word' id='word_1_118' title='bbox 762 1855 863 1915; x_wconf 89' lang='lat' dir='ltr'><strong>dicunt</strong></span> <span class='ocrx_word' id='word_1_119' title='bbox 876 1856 974 1924; x_wconf 86' lang='lat' dir='ltr'><strong>luisse,</strong></span> <span class='ocrx_word' id='word_1_120' title='bbox 987 1873 1045 1931; x_wconf 88' lang='lat' dir='ltr'><strong>qua</strong></span> <span class='ocrx_word' id='word_1_121' title='bbox 1062 1856 1111 1914; x_wconf 91' lang='lat' dir='ltr'><strong>ille</strong></span> 
     </span>
     <span class='ocr_line' id='line_1_17' title="bbox 238 1954 1112 2028; baseline 0.001 -16"><span class='ocrx_word' id='word_1_122' title='bbox 238 1956 272 2014; x_wconf 90' lang='lat' dir='ltr'><strong>in</strong></span> <span class='ocrx_word' id='word_1_123' title='bbox 285 1955 427 2022; x_wconf 78' lang='lat' dir='ltr'><strong>Platonis,</strong></span> <span class='ocrx_word' id='word_1_124' title='bbox 441 1959 472 2011; x_wconf 91' lang='lat' dir='ltr'><strong>et</strong></span> <span class='ocrx_word' id='word_1_125' title='bbox 485 1954 699 2028; x_wconf 88' lang='lat' dir='ltr'><strong>Xenophontis,</strong></span> <span class='ocrx_word' id='word_1_126' title='bbox 712 1959 743 2011; x_wconf 88' lang='lat' dir='ltr'><strong>et</strong></span> <span class='ocrx_word' id='word_1_127' title='bbox 753 1955 911 2013; x_wconf 79' lang='lat' dir='ltr'><strong>Aeschinis</strong></span> <span class='ocrx_word' id='word_1_128' title='bbox 922 1954 1003 2016; x_wconf 81' lang='lat' dir='ltr'><strong>libris</strong></span> <span class='ocrx_word' id='word_1_129' title='bbox 1017 1956 1112 2023; x_wconf 88' lang='lat' dir='ltr'><strong>utitur,</strong></span> 
     </span>
     <span class='ocr_line' id='line_1_18' title="bbox 238 2052 1110 2136; baseline -0.002 -24"><span class='ocrx_word' id='word_1_130' title='bbox 238 2054 365 2112; x_wconf 81' lang='lat' dir='ltr'><strong>facetam</strong></span> <span class='ocrx_word' id='word_1_131' title='bbox 376 2058 405 2136; x_wconf 79' lang='lat' dir='ltr'><strong>et</strong></span> <span class='ocrx_word' id='word_1_132' title='bbox 416 2055 581 2127; x_wconf 78' lang='lat' dir='ltr'><strong>elegantem</strong></span> <span class='ocrx_word' id='word_1_133' title='bbox 593 2058 673 2128; x_wconf 92' lang='lat' dir='ltr'><strong>puto.</strong></span> <span class='ocrx_word' id='word_1_134' title='bbox 694 2057 740 2111; x_wconf 87' lang='lat' dir='ltr'><strong>est</strong></span> <span class='ocrx_word' id='word_1_135' title='bbox 753 2053 831 2112; x_wconf 89' lang='lat' dir='ltr'><strong>euim</strong></span> <span class='ocrx_word' id='word_1_136' title='bbox 845 2057 876 2110; x_wconf 87' lang='lat' dir='ltr'><strong>et</strong></span> <span class='ocrx_word' id='word_1_137' title='bbox 888 2052 1010 2112; x_wconf 89' lang='lat' dir='ltr'><strong>minime</strong></span> <span class='ocrx_word' id='word_1_138' title='bbox 1019 2053 1110 2127; x_wconf 86' lang='lat' dir='ltr'><strong>inepti</strong></span> 
     </span>
     <span class='ocr_line' id='line_1_19' title="bbox 241 2145 1212 2224; baseline 0.001 -17"><span class='ocrx_word' id='word_1_139' title='bbox 241 2150 378 2218; x_wconf 90' lang='lat' dir='ltr'><strong>hominis,</strong></span> <span class='ocrx_word' id='word_1_140' title='bbox 402 2156 433 2207; x_wconf 86' lang='lat' dir='ltr'><strong>et</strong></span> <span class='ocrx_word' id='word_1_141' title='bbox 453 2151 583 2222; x_wconf 77' lang='lat' dir='ltr'><strong>ejusdem</strong></span> <span class='ocrx_word' id='word_1_142' title='bbox 607 2152 696 2208; x_wconf 87' lang='lat' dir='ltr'><strong>etiam</strong></span> <span class='ocrx_word' id='word_1_143' title='bbox 710 2151 807 2220; x_wconf 78' lang='lat' dir='ltr'><strong>faceti,</strong></span> <span class='ocrx_word' id='word_1_144' title='bbox 828 2167 895 2208; x_wconf 89' lang='lat' dir='ltr'><strong>cum</strong></span> <span class='ocrx_word' id='word_1_145' title='bbox 915 2153 953 2208; x_wconf 90' lang='lat' dir='ltr'><strong>de</strong></span> <span class='ocrx_word' id='word_1_146' title='bbox 966 2151 1110 2224; x_wconf 86' lang='lat' dir='ltr'><strong>sapientia</strong></span> <span class='ocrx_word' id='word_1_147' title='bbox 1211 2145 1212 2148; x_wconf 58' lang='grc'>’</span> 
     </span>
     <span class='ocr_line' id='line_1_20' title="bbox 236 2246 1110 2322; baseline 0.007 -21"><span class='ocrx_word' id='word_1_148' title='bbox 236 2246 425 2318; x_wconf 83' lang='lat' dir='ltr'><strong>disceptetur,</strong></span> <span class='ocrx_word' id='word_1_149' title='bbox 448 2247 526 2303; x_wconf 85' lang='lat' dir='ltr'><strong>hanc</strong></span> <span class='ocrx_word' id='word_1_150' title='bbox 543 2247 600 2302; x_wconf 89' lang='lat' dir='ltr'><strong>sihi</strong></span> <span class='ocrx_word' id='word_1_151' title='bbox 623 2249 717 2320; x_wconf 89' lang='lat' dir='ltr'><strong>ipsum</strong></span> <span class='ocrx_word' id='word_1_152' title='bbox 730 2249 891 2322; x_wconf 72' lang='lat' dir='ltr'><strong>detrahere,</strong></span> <span class='ocrx_word' id='word_1_153' title='bbox 915 2249 959 2306; x_wconf 89' lang='lat' dir='ltr'><strong>eis</strong></span> <span class='ocrx_word' id='word_1_154' title='bbox 986 2249 1110 2308; x_wconf 84' lang='lat' dir='ltr'><strong>tribuere</strong></span> 
     </span>
     <span class='ocr_line' id='line_1_21' title="bbox 237 2341 1111 2421; baseline 0.007 -21"><span class='ocrx_word' id='word_1_155' title='bbox 237 2341 418 2411; x_wconf 85' lang='lat' dir='ltr'><strong>illudentem,</strong></span> <span class='ocrx_word' id='word_1_156' title='bbox 429 2341 645 2418; x_wconf 78' lang='lat' dir='ltr'><strong>“quieamsihi</strong></span> <span class='ocrx_word' id='word_1_157' title='bbox 655 2353 807 2421; x_wconf 83' lang='lat' dir='ltr'><strong>cnogant:</strong></span> <span class='ocrx_word' id='word_1_158' title='bbox 821 2352 853 2405; x_wconf 90' lang='lat' dir='ltr'><strong>ut</strong></span> <span class='ocrx_word' id='word_1_159' title='bbox 866 2349 941 2420; x_wconf 89' lang='lat' dir='ltr'><strong>apud</strong></span> <span class='ocrx_word' id='word_1_160' title='bbox 955 2349 1111 2408; x_wconf 85' lang='lat' dir='ltr'><strong>Platonem</strong></span> 
     </span>
     <span class='ocr_line' id='line_1_22' title="bbox 239 2440 1110 2520; baseline 0.008 -23"><span class='ocrx_word' id='word_1_161' title='bbox 239 2440 375 2500; x_wconf 86' lang='lat' dir='ltr'><strong>Socrates</strong></span> <span class='ocrx_word' id='word_1_162' title='bbox 399 2441 431 2499; x_wconf 90' lang='lat' dir='ltr'><strong>in</strong></span> <span class='ocrx_word' id='word_1_163' title='bbox 452 2444 566 2502; x_wconf 91' lang='lat' dir='ltr'><strong>coelum</strong></span> <span class='ocrx_word' id='word_1_164' title='bbox 579 2443 660 2501; x_wconf 80' lang='lat' dir='ltr'><strong>etiert</strong></span> <span class='ocrx_word' id='word_1_165' title='bbox 680 2445 811 2504; x_wconf 86' lang='lat' dir='ltr'><strong>laudibus</strong></span> <span class='ocrx_word' id='word_1_166' title='bbox 827 2447 1022 2520; x_wconf 79' lang='lat' dir='ltr'><strong>Protagoram,</strong></span> <span class='ocrx_word' id='word_1_167' title='bbox 1040 2446 1110 2520; x_wconf 83' lang='lat' dir='ltr'><strong>Hip·</strong></span> 
     </span>
     <span class='ocr_line' id='line_1_23' title="bbox 237 2539 1109 2616; baseline 0.006 -19"><span class='ocrx_word' id='word_1_168' title='bbox 237 2539 327 2614; x_wconf 88' lang='lat' dir='ltr'><strong>piam,</strong></span> <span class='ocrx_word' id='word_1_169' title='bbox 343 2541 508 2609; x_wconf 86' lang='lat' dir='ltr'><strong>Prodicum,</strong></span> <span class='ocrx_word' id='word_1_170' title='bbox 523 2541 672 2616; x_wconf 80' lang='lat' dir='ltr'><strong>Gergium,</strong></span> <span class='ocrx_word' id='word_1_171' title='bbox 680 2548 809 2615; x_wconf 71' lang='lat' dir='ltr'><strong>ceteros,</strong></span> <span class='ocrx_word' id='word_1_172' title='bbox 829 2563 860 2602; x_wconf 90' lang='lat' dir='ltr'><strong>se</strong></span> <span class='ocrx_word' id='word_1_173' title='bbox 874 2544 1109 2604; x_wconf 86' lang='lat' dir='ltr'><strong>autemomniurn</strong></span> 
     </span>
     <span class='ocr_line' id='line_1_24' title="bbox 236 2639 1211 2720; baseline 0.008 -24"><span class='ocrx_word' id='word_1_174' title='bbox 236 2655 332 2697; x_wconf 90' lang='lat' dir='ltr'><strong>rerum</strong></span> <span class='ocrx_word' id='word_1_175' title='bbox 345 2639 470 2698; x_wconf 88' lang='lat' dir='ltr'><strong>inscium</strong></span> <span class='ocrx_word' id='word_1_176' title='bbox 484 2641 568 2715; x_wconf 83' lang='lat' dir='ltr'><strong>lingit</strong></span> <span class='ocrx_word' id='word_1_177' title='bbox 581 2645 611 2698; x_wconf 91' lang='lat' dir='ltr'><strong>et</strong></span> <span class='ocrx_word' id='word_1_178' title='bbox 624 2643 733 2699; x_wconf 90' lang='lat' dir='ltr'><strong>rudem.</strong></span> <span class='ocrx_word' id='word_1_179' title='bbox 754 2644 841 2700; x_wconf 86' lang='lat' dir='ltr'><strong>decet</strong></span> <span class='ocrx_word' id='word_1_180' title='bbox 854 2644 910 2701; x_wconf 91' lang='lat' dir='ltr'><strong>hoc</strong></span> <span class='ocrx_word' id='word_1_181' title='bbox 924 2644 1028 2702; x_wconf 89' lang='lat' dir='ltr'><strong>nescio</strong></span> <span class='ocrx_word' id='word_1_182' title='bbox 1041 2661 1108 2720; x_wconf 90' lang='lat' dir='ltr'><strong>quo·</strong></span> <span class='ocrx_word' id='word_1_183' title='bbox 1210 2639 1211 2644; x_wconf 62' lang='grc'>’</span> 
     </span>
     <span class='ocr_line' id='line_1_25' title="bbox 236 2738 1109 2817; baseline 0.007 -21"><span class='ocrx_word' id='word_1_184' title='bbox 236 2739 324 2796; x_wconf 91' lang='lat' dir='ltr'><strong>modo</strong></span> <span class='ocrx_word' id='word_1_185' title='bbox 336 2738 440 2798; x_wconf 86' lang='lat' dir='ltr'><strong>illum:</strong></span> <span class='ocrx_word' id='word_1_186' title='bbox 461 2757 518 2798; x_wconf 86' lang='lat' dir='ltr'><strong>nac</strong></span> <span class='ocrx_word' id='word_1_187' title='bbox 531 2739 667 2814; x_wconf 86' lang='lat' dir='ltr'><strong>Epicuro,</strong></span> <span class='ocrx_word' id='word_1_188' title='bbox 687 2740 736 2817; x_wconf 91' lang='lat' dir='ltr'><strong>qui</strong></span> <span class='ocrx_word' id='word_1_189' title='bbox 750 2742 781 2799; x_wconf 89' lang='lat' dir='ltr'><strong>id</strong></span> <span class='ocrx_word' id='word_1_190' title='bbox 794 2743 990 2816; x_wconf 78' lang='lat' dir='ltr'><strong>reprehendit,</strong></span> <span class='ocrx_word' id='word_1_191' title='bbox 1011 2761 1109 2802; x_wconf 88' lang='lat' dir='ltr'><strong>assen-</strong></span> 
     </span>
     <span class='ocr_line' id='line_1_26' title="bbox 238 2837 1107 2915; baseline 0.005 -19"><span class='ocrx_word' id='word_1_192' title='bbox 238 2837 304 2896; x_wconf 88' lang='lat' dir='ltr'><strong>tior.</strong></span> <span class='ocrx_word' id='word_1_193' title='bbox 347 2840 406 2898; x_wconf 84' lang='lat' dir='ltr'><strong>Sed</strong></span> <span class='ocrx_word' id='word_1_194' title='bbox 417 2838 449 2898; x_wconf 91' lang='lat' dir='ltr'><strong>in</strong></span> <span class='ocrx_word' id='word_1_195' title='bbox 459 2838 654 2915; x_wconf 71' lang='lat' dir='ltr'><strong>historiaque</strong></span> <span class='ocrx_word' id='word_1_196' title='bbox 664 2845 694 2898; x_wconf 93' lang='lat' dir='ltr'><strong>tu</strong></span> <span class='ocrx_word' id='word_1_197' title='bbox 703 2859 734 2898; x_wconf 93' lang='lat' dir='ltr'><strong>es</strong></span> <span class='ocrx_word' id='word_1_198' title='bbox 744 2859 811 2899; x_wconf 91' lang='lat' dir='ltr'><strong>usus</strong></span> <span class='ocrx_word' id='word_1_199' title='bbox 825 2841 855 2899; x_wconf 91' lang='lat' dir='ltr'><strong>in</strong></span> <span class='ocrx_word' id='word_1_200' title='bbox 869 2841 950 2900; x_wconf 89' lang='lat' dir='ltr'><strong>omni</strong></span> <span class='ocrx_word' id='word_1_201' title='bbox 963 2858 1107 2908; x_wconf 89' lang='lat' dir='ltr'><strong>sermone,</strong></span> 
     </span>
     <span class='ocr_line' id='line_1_27' title="bbox 236 2939 1107 3014; baseline 0.005 -20"><span class='ocrx_word' id='word_1_202' title='bbox 236 2953 313 3006; x_wconf 89' lang='lat' dir='ltr'><strong>cum,</strong></span> <span class='ocrx_word' id='word_1_203' title='bbox 336 2939 429 3014; x_wconf 88' lang='lat' dir='ltr'><strong>qualis</strong></span> <span class='ocrx_word' id='word_1_204' title='bbox 452 2939 571 3014; x_wconf 86' lang='lat' dir='ltr'><strong>quisque</strong></span> <span class='ocrx_word' id='word_1_205' title='bbox 590 2943 686 2997; x_wconf 90' lang='lat' dir='ltr'><strong>orator</strong></span> <span class='ocrx_word' id='word_1_206' title='bbox 707 2940 818 3009; x_wconf 84' lang='lat' dir='ltr'><strong>luisset,</strong></span> <span class='ocrx_word' id='word_1_207' title='bbox 836 2958 1007 3013; x_wconf 82' lang='lat' dir='ltr'><strong>exponeres,</strong></span> <span class='ocrx_word' id='word_1_208' title='bbox 1028 2941 1107 3007; x_wconf 84' lang='lat' dir='ltr'><strong>vide,</strong></span> 
     </span>
     <span class='ocr_line' id='line_1_28' title="bbox 235 3037 1108 3113; baseline 0.006 -22"><span class='ocrx_word' id='word_1_209' title='bbox 235 3053 352 3108; x_wconf 86' lang='lat' dir='ltr'><strong>quaeso,</strong></span> <span class='ocrx_word' id='word_1_210' title='bbox 366 3037 468 3111; x_wconf 88' lang='lat' dir='ltr'><strong>inquit,</strong></span> <span class='ocrx_word' id='word_1_211' title='bbox 482 3055 520 3094; x_wconf 86' lang='lat' dir='ltr'><strong>ne</strong></span> <span class='ocrx_word' id='word_1_212' title='bbox 534 3041 592 3093; x_wconf 90' lang='lat' dir='ltr'><strong>tam</strong></span> <span class='ocrx_word' id='word_1_213' title='bbox 606 3041 843 3112; x_wconf 87' lang='lat' dir='ltr'><strong>reprehendenda</strong></span> <span class='ocrx_word' id='word_1_214' title='bbox 853 3039 892 3098; x_wconf 89' lang='lat' dir='ltr'><strong>sit</strong></span> <span class='ocrx_word' id='word_1_215' title='bbox 904 3039 1007 3107; x_wconf 90' lang='lat' dir='ltr'><strong>ironia,</strong></span> <span class='ocrx_word' id='word_1_216' title='bbox 1022 3056 1108 3113; x_wconf 87' lang='lat' dir='ltr'><strong>quam</strong></span> 
     </span>
     <span class='ocr_line' id='line_1_29' title="bbox 234 3131 1106 3213; baseline 0.01 -25"><span class='ocrx_word' id='word_1_217' title='bbox 234 3131 266 3188; x_wconf 89' lang='lat' dir='ltr'><strong>in</strong></span> <span class='ocrx_word' id='word_1_218' title='bbox 287 3133 463 3190; x_wconf 82' lang='lat' dir='ltr'><strong>testimonio.</strong></span> <span class='ocrx_word' id='word_1_219' title='bbox 505 3134 643 3206; x_wconf 79' lang='lat' dir='ltr'><strong>Quorsus,</strong></span> <span class='ocrx_word' id='word_1_220' title='bbox 666 3138 791 3213; x_wconf 89' lang='lat' dir='ltr'><strong>inquam,</strong></span> <span class='ocrx_word' id='word_1_221' title='bbox 812 3135 911 3196; x_wconf 82' lang='lat' dir='ltr'><strong>istuc?</strong></span> <span class='ocrx_word' id='word_1_222' title='bbox 939 3155 999 3196; x_wconf 92' lang='lat' dir='ltr'><strong>non</strong></span> <span class='ocrx_word' id='word_1_223' title='bbox 1027 3139 1106 3196; x_wconf 87' lang='lat' dir='ltr'><strong>enim</strong></span> 
     </span>
     <span class='ocr_line' id='line_1_30' title="bbox 234 3227 1106 3312; baseline 0.011 -26"><span class='ocrx_word' id='word_1_224' title='bbox 234 3227 376 3303; x_wconf 81' lang='lat' dir='ltr'><strong>intelligo.</strong></span> <span class='ocrx_word' id='word_1_225' title='bbox 418 3231 495 3303; x_wconf 79' lang='lat' dir='ltr'><strong>Quia</strong></span> <span class='ocrx_word' id='word_1_226' title='bbox 508 3231 638 3306; x_wconf 89' lang='lat' dir='ltr'><strong>primum,</strong></span> <span class='ocrx_word' id='word_1_227' title='bbox 662 3235 764 3312; x_wconf 91' lang='lat' dir='ltr'><strong>inquit,</strong></span> <span class='ocrx_word' id='word_1_228' title='bbox 785 3237 828 3296; x_wconf 85' lang='lat' dir='ltr'><strong>ita</strong></span> <span class='ocrx_word' id='word_1_229' title='bbox 850 3237 1009 3296; x_wconf 82' lang='lat' dir='ltr'><strong>laudavisti</strong></span> <span class='ocrx_word' id='word_1_230' title='bbox 1024 3253 1106 3312; x_wconf 82' lang='lat' dir='ltr'><strong>quos·</strong></span> 
     </span>
    </p>
   </div>
   <div class='ocr_carea' id='block_1_3' title="bbox 234 3380 1106 3512">
    <p class='ocr_par' dir='ltr' id='par_1_3' title="bbox 234 3380 1106 3512">
     <span class='ocr_line' id='line_1_31' title="bbox 263 3380 1105 3452; baseline 0.012 -26"><span class='ocrx_word' id='word_1_231' title='bbox 263 3381 286 3415; x_wconf 69' lang='lat'><strong>⁹⁷</strong></span> <span class='ocrx_word' id='word_1_232' title='bbox 300 3380 407 3452; x_wconf 72' lang='lat' dir='ltr'><strong>solidum]</strong></span> <span class='ocrx_word' id='word_1_233' title='bbox 423 3397 471 3452; x_wconf 77' lang='lat' dir='ltr'><strong>non</strong></span> <span class='ocrx_word' id='word_1_234' title='bbox 477 3383 506 3430; x_wconf 87' lang='lat' dir='ltr'><strong>ad</strong></span> <span class='ocrx_word' id='word_1_235' title='bbox 521 3384 670 3444; x_wconf 74' lang='lat' dir='ltr'><strong>integritatem</strong></span> <span class='ocrx_word' id='word_1_236' title='bbox 685 3391 779 3438; x_wconf 79' lang='lat' dir='ltr'><strong>reseram</strong></span> <span class='ocrx_word' id='word_1_237' title='bbox 795 3406 844 3438; x_wconf 83' lang='lat' dir='ltr'><strong>oum</strong></span> <span class='ocrx_word' id='word_1_238' title='bbox 859 3391 966 3446; x_wconf 83' lang='lat' dir='ltr'><strong>Corrsdo,</strong></span> <span class='ocrx_word' id='word_1_239' title='bbox 984 3391 1024 3438; x_wconf 88' lang='lat' dir='ltr'><strong>sed</strong></span> <span class='ocrx_word' id='word_1_240' title='bbox 1034 3391 1064 3436; x_wconf 89' lang='lat' dir='ltr'><strong>ad</strong></span> <span class='ocrx_word' id='word_1_241' title='bbox 1073 3403 1105 3436; x_wconf 76' lang='lat' dir='ltr'><strong>se</strong></span> 
     </span>
     <span class='ocr_line' id='line_1_32' title="bbox 234 3443 1106 3512; baseline 0.011 -26"><span class='ocrx_word' id='word_1_242' title='bbox 234 3454 304 3502; x_wconf 86' lang='lat' dir='ltr'><strong>quens</strong></span> <span class='ocrx_word' id='word_1_243' title='bbox 314 3445 453 3497; x_wconf 68' lang='lat' dir='ltr'><strong>waramum,</strong></span> <span class='ocrx_word' id='word_1_244' title='bbox 465 3443 609 3505; x_wconf 77' lang='lat' dir='ltr'><strong>intelligoque</strong></span> <span class='ocrx_word' id='word_1_245' title='bbox 615 3447 703 3495; x_wconf 87' lang='lat' dir='ltr'><strong>ductum</strong></span> <span class='ocrx_word' id='word_1_246' title='bbox 713 3465 727 3495; x_wconf 84' lang='lat' dir='ltr'><strong>a</strong></span> <span class='ocrx_word' id='word_1_247' title='bbox 738 3450 788 3497; x_wconf 85' lang='lat' dir='ltr'><strong>cibo</strong></span> <span class='ocrx_word' id='word_1_248' title='bbox 797 3451 868 3497; x_wconf 86' lang='lat' dir='ltr'><strong>solido</strong></span> <span class='ocrx_word' id='word_1_249' title='bbox 876 3453 900 3498; x_wconf 84' lang='lat' dir='ltr'><strong>et</strong></span> <span class='ocrx_word' id='word_1_250' title='bbox 909 3449 975 3507; x_wconf 88' lang='lat' dir='ltr'><strong>sicco,</strong></span> <span class='ocrx_word' id='word_1_251' title='bbox 990 3449 1028 3511; x_wconf 86' lang='lat' dir='ltr'><strong>qui</strong></span> <span class='ocrx_word' id='word_1_252' title='bbox 1038 3463 1106 3512; x_wconf 87' lang='lat' dir='ltr'><strong>oppo-</strong></span> 
     </span>
    </p>
   </div>
   <div class='ocr_carea' id='block_1_4' title="bbox 233 3499 816 3568">
    <p class='ocr_par' dir='ltr' id='par_1_4' title="bbox 233 3499 816 3568">
     <span class='ocr_line' id='line_1_33' title="bbox 233 3499 816 3568; baseline 0.012 -21"><span class='ocrx_word' id='word_1_253' title='bbox 233 3499 294 3547; x_wconf 85' lang='lat' dir='ltr'><strong>nitur</strong></span> <span class='ocrx_word' id='word_1_254' title='bbox 302 3499 365 3545; x_wconf 90' lang='lat' dir='ltr'><strong>molli</strong></span> <span class='ocrx_word' id='word_1_255' title='bbox 373 3499 519 3559; x_wconf 87' lang='lat' dir='ltr'><strong>etjurulento,</strong></span> <span class='ocrx_word' id='word_1_256' title='bbox 529 3508 606 3565; x_wconf 85' lang='lat' dir='ltr'><strong>estque</strong></span> <span class='ocrx_word' id='word_1_257' title='bbox 615 3505 701 3554; x_wconf 82' lang='lat' dir='ltr'><strong>saluber</strong></span> <span class='ocrx_word' id='word_1_258' title='bbox 710 3507 816 3568; x_wconf 85' lang='lat' dir='ltr'><strong>inprimis.</strong></span> 
     </span>
    </p>
   </div>
   <div class='ocr_carea' id='block_1_5' title="bbox 234 3579 1106 3699">
    <p class='ocr_par' dir='ltr' id='par_1_5' title="bbox 234 3565 1208 3699">
     <span class='ocr_line' id='line_1_34' title="bbox 263 3579 1106 3650; baseline 0.012 -26"><span class='ocrx_word' id='word_1_259' title='bbox 263 3579 285 3612; x_wconf 50' lang='grc' dir='ltr'><strong>Β*</strong></span> <span class='ocrx_word' id='word_1_260' title='bbox 299 3579 339 3639; x_wconf 78' lang='lat' dir='ltr'><strong>qui</strong></span> <span class='ocrx_word' id='word_1_261' title='bbox 348 3579 584 3650; x_wconf 58' lang='lat' dir='ltr'><strong>connumerarunt</strong></span> <span class='ocrx_word' id='word_1_262' title='bbox 607 3583 750 3633; x_wconf 85' lang='lat' dir='ltr'><strong>Snibeudum</strong></span> <span class='ocrx_word' id='word_1_263' title='bbox 762 3591 797 3634; x_wconf 84' lang='lat' dir='ltr'><strong>est</strong></span> <span class='ocrx_word' id='word_1_264' title='bbox 805 3591 917 3645; x_wconf 61' lang='lat' dir='ltr'><strong>arrogent,</strong></span> <span class='ocrx_word' id='word_1_265' title='bbox 933 3589 960 3634; x_wconf 82' lang='lat' dir='ltr'><strong>ut</strong></span> <span class='ocrx_word' id='word_1_266' title='bbox 972 3586 1040 3634; x_wconf 78' lang='lat' dir='ltr'><strong>facile</strong></span> <span class='ocrx_word' id='word_1_267' title='bbox 1049 3585 1106 3649; x_wconf 56' lang='lat' dir='ltr'><strong>qni*</strong></span> 
     </span>
     <span class='ocr_line' id='line_1_35' title="bbox 234 3639 616 3699; baseline 0.005 -16"><span class='ocrx_word' id='word_1_268' title='bbox 234 3650 285 3699; x_wconf 75' lang='lat' dir='ltr'><strong>que,</strong></span> <span class='ocrx_word' id='word_1_269' title='bbox 296 3639 422 3688; x_wconf 83' lang='lat' dir='ltr'><strong>adrrrourtus</strong></span> <span class='ocrx_word' id='word_1_270' title='bbox 431 3639 518 3698; x_wconf 81' lang='lat' dir='ltr'><strong>saltem,</strong></span> <span class='ocrx_word' id='word_1_271' title='bbox 529 3643 616 3687; x_wconf 82' lang='lat' dir='ltr'><strong>renunt.</strong></span> 
     </span>
    </p>
   </div>
   <div class='ocr_carea' id='block_1_6' title="bbox 0 0 1226 4194">
    <p class='ocr_par' dir='ltr' id='par_1_6' title="bbox 0 0 1226 4194">
     <span class='ocr_line' id='line_1_36' title="bbox 0 0 1226 4194; baseline 0 3"><span class='ocrx_word' id='word_1_272' title='bbox 0 0 1226 4194; x_wconf 95' lang='lat' dir='ltr'><strong> </strong></span> 
     </span>
    </p>
   </div>
  </div>
 </body>
</html>
