2444 4194
242 302 303 364 lla
612 295 745 351 nactus.

234 443 364 518 abjecta,
383 449 416 502 nt
437 459 502 504 eam
524 427 655 519 aspicere
673 461 761 502 nemo
775 443 857 502 velit·
898 443 1069 506 Carbonem
1082 447 1112 507 in

240 543 358 600 summis
376 544 533 602 oratoribus
555 543 683 600 habitum
707 543 788 599 scio:
810 544 861 599 sed
874 560 941 601 cum
958 545 990 602 in
1005 547 1111 604 ceteris

241 641 334 710 rebus,
348 647 409 699 tum
422 641 452 699 in
476 641 610 708 dicendo,
621 658 744 713 semper,
769 657 824 715 quo
844 641 918 698 nihil
938 648 985 699 est
999 642 1112 712 melius,

240 739 272 795 id
293 738 410 807 laudari,
429 741 637 814 qualecumque
662 744 715 806 est,
738 741 821 795 solet.
862 740 942 797 Dico
967 741 1049 800 idem
1076 743 1111 800 de
1211 809 1212 812 Ἴ

242 837 403 896 Gracchis:
423 837 479 895 etsi
504 837 540 893 de
563 835 600 893 iis
615 855 650 893 ea
663 841 730 894 sunt
749 853 766 892 a
785 833 918 904 tedicus,
938 839 1044 912 quibus
1059 857 1112 916 ego

241 936 390 994 assentior.
410 936 513 992 omitto
526 939 655 992 ceteros:
677 934 766 991 venio
777 935 813 992 ad
823 951 883 1004 eos,
894 936 926 992 in
939 937 1045 1010 quibus
1050 939 1112 1011 jam

241 1033 399 1108 perlectam
410 1038 493 1107 putas
506 1051 570 1090 esse
581 1033 783 1106 eloquentiam,
793 1050 864 1107 quos
873 1051 929 1106 ego
936 1034 1039 1092 andivi
1050 1036 1112 1094 sine

241 1131 441 1190 controversia
454 1148 573 1206 magnos
587 1135 723 1199 oratores,
738 1131 873 1188 Crassum
892 1136 923 1187 et
937 1132 1111 1192 Antonium.

241 1232 278 1288 de
298 1232 399 1286 horum
419 1230 552 1287 laudibus
566 1229 621 1286 tibi
633 1246 745 1302 prorsus
759 1228 918 1286 assentior:
940 1231 992 1286 sed
1015 1235 1112 1290 tamen

241 1345 301 1386 non
314 1328 371 1384 isto
384 1329 479 1394 modo,
498 1333 530 1384 ut
544 1327 691 1400 Polycleti
713 1327 918 1400 Doryphorum
936 1327 993 1386 sibi
1008 1329 1112 1404 Lysip·
1209 1365 1210 1372 κ

240 1443 293 1500 pus
306 1425 412 1497 ajebat,
433 1425 477 1482 sic
490 1429 521 1482 tu
543 1423 706 1482 suasionem
721 1423 794 1496 legis
817 1424 961 1482 Serviliae
980 1425 1036 1483 tibi
1055 1445 1112 1484 ma·

241 1523 359 1598 gistrum
372 1521 469 1580 fuisse.
490 1524 563 1579 haec
587 1539 725 1595 germana
739 1521 832 1578 ironia
847 1526 900 1579 est.
921 1541 973 1581 cur
991 1524 1035 1581 ita
1049 1543 1111 1582 sen·

240 1623 312 1680 tiam
323 1639 382 1680 non
398 1622 503 1689 dicam,
516 1639 554 1678 ne
574 1637 621 1678 me
636 1618 689 1676 tibi
710 1621 850 1677 assentari
864 1627 957 1694 putes.
1001 1623 1112 1682 Omitto
1211 1701 1212 1704 Ἴ

242 1719 337 1794 igitur,
355 1739 428 1795 quae
449 1721 485 1777 de
504 1719 541 1797 iis
555 1718 635 1793 ipsis,
650 1732 723 1792 quae
737 1719 774 1775 de
796 1718 893 1788 Cotta,
907 1737 981 1794 quae
995 1723 1033 1778 de
1049 1723 1111 1780 Sul·

242 1818 330 1893 picio,
343 1836 417 1894 quae
437 1817 522 1876 modo
536 1819 572 1874 de
592 1815 696 1874 Coelio
709 1814 827 1873 dixeris.
848 1816 872 1874 ii
893 1819 973 1876 enim
997 1819 1112 1898 luerunt
1211 1801 1212 1834 ³

242 1923 321 1976 certe
340 1923 475 1976 oratores.
495 1915 596 1992 quanti
614 1917 720 1981 autem,
742 1919 772 1971 et
793 1918 903 1990 quales,
928 1922 959 1974 tu
991 1918 1111 1976 videris.

242 2020 272 2076 N
275 2036 322 2076 am
332 2018 404 2076 illud
415 2017 511 2075 minus
525 2033 604 2083 curo,
613 2013 690 2089 quod
703 2014 876 2088 congessisti
889 2015 1038 2089 operarios
1054 2033 1111 2074 om·
1211 2059 1212 2068 ,

242 2135 314 2176 nes:
334 2123 367 2174 ut
390 2116 462 2173 milri
476 2114 631 2170 videantur
653 2112 727 2169 mori
751 2113 876 2171 voluisse
890 2113 1035 2183 nonnulli,
1050 2119 1113 2171 uta

191 2215 230 2277 87
243 2218 273 2268 te
281 2213 313 2268 in
323 2217 467 2267 oratorum
480 2227 631 2266 numerum
646 2211 826 2269 referrentur.
868 2212 951 2268 Haec
973 2227 1043 2270 cnm
1062 2212 1113 2270 ille

243 2307 373 2374 dixisset,
387 2305 484 2380 Longi
498 2305 638 2364 sermonis
652 2305 682 2337 ¹⁰⁰
690 2306 806 2366 initium
819 2309 965 2383 pepulisti,
980 2309 1110 2386 inquam,

245 2405 355 2472 Attice,
364 2422 480 2480 remque
492 2408 771 2478 commovisti,nova
781 2407 974 2483 disputatione
983 2408 1114 2482 dignum,
1211 2437 1212 2442 ¹

243 2522 329 2580 quam
348 2504 379 2561 in
402 2505 480 2561 aliud
497 2509 609 2579 tempus
632 2509 804 2567 differamus.
855 2506 1009 2564 Volvendi
1034 2507 1113 2566 enim

243 2607 312 2661 sunt
325 2603 392 2660 libri
407 2620 474 2661 cum
484 2604 615 2674 aliorum,
629 2613 689 2664 tum
702 2606 833 2680 inprimis
853 2604 984 2664 Catonis.
1007 2605 1114 2663 intelli·

242 2719 303 2778 ges,
317 2702 391 2760 nihil
404 2701 482 2760 illius
495 2702 689 2775 lineamentis,
709 2705 766 2763 nisi
780 2721 876 2762 eorum
890 2703 1115 2778 pigmentorum,

242 2821 315 2880 quae
329 2802 453 2860 inventa
466 2804 594 2861 nondum
607 2809 698 2873 erant,
722 2805 821 2861 florem
842 2806 873 2859 et
892 2803 1022 2859 colorem
1036 2802 1114 2860 delu-

242 2903 310 2960 isse.
351 2903 429 2960 Nam
451 2903 488 2959 de
514 2902 612 2961 Crassi
633 2905 762 2962 oratione
785 2902 828 2960 sic
851 2899 998 2968 existimo,
1020 2899 1114 2974 ipsum

243 3002 361 3058 fortasse
384 3001 486 3058 melius
508 3001 635 3074 potuisse
656 3003 798 3060 scribere:
820 2999 919 3066 alium,
938 3002 971 3054 ut
984 2999 1115 3066 arbitror,

273 3152 305 3184 ¹⁰⁰
319 3151 413 3199 initiam
419 3153 530 3210 pepulisti.
573 3153 616 3200 Est
629 3153 787 3200 ecorrectione
795 3150 902 3208 Victorii,
918 3157 1021 3213 quamet
1035 3165 1116 3200 nasse·

243 3209 338 3270 quimus.
355 3211 413 3256 Mas.
444 3211 520 3258 uidam
528 3153 639 3267 mli,
650 3219 676 3257 ut
684 3213 736 3260 edd.
752 3213 810 3258 Ven.
823 3211 876 3258 Ald.
886 3211 949 3257 lunt.
960 3211 1029 3257 male.
1061 3211 1113 3258 Ms-

244 3267 318 3314 nutius
334 3271 358 3314 et
374 3226 452 3314 Lami,
469 3267 559 3314 edidere
572 3269 671 3315 detulisti
676 3287 686 3326 ,·
707 3270 784 3316 itidem
800 3270 866 3324 male,
878 3273 902 3315 et
916 3267 965 3315 sine
977 3283 1045 3317 sensu
1059 3284 1115 3316 com·

244 3326 318 3372 modo.
349 3325 461 3383 Pepnls'sli
470 3329 504 3372 est
514 3325 609 3380 movisti,
620 3341 664 3430 quo
679 3329 749 3376 verbo
763 3328 841 3376 statim
850 3328 928 3375 utitur.
961 3328 1000 3374 Sic
1017 3342 1111 3390 auprac.

244 3389 266 3432 l.
282 3384 361 3444 quidm
375 3383 501 3428 animuum
516 3388 589 3438 partes
600 3386 743 3446 palarentur,
760 3402 802 3449 pro
814 3390 964 3444 moverentur,
983 3398 1114 3450 quamquam

245 3442 290 3490 alio
300 3447 364 3504 tropo
376 3445 399 3487 et
409 3454 478 3488 sensu.
