2444 4194
465 319 602 371 BRUTUS.
904 327 960 392 111

104 468 167 529 dam
179 474 315 538 oratores,
327 473 362 528 ut
373 467 521 542 imperitos
529 485 628 542 posses
639 468 671 526 in
682 485 805 528 errorem
818 469 964 531 inducere.

103 570 239 646 Equidem
253 571 286 628 in
307 569 476 645 quibusdam
490 569 576 626 risum
590 570 644 626 vix
663 571 809 638 tenebam,
832 587 898 628 cum
913 573 966 628 At·

103 669 159 726 tico
177 669 287 743 Lysiae
302 669 445 726 Catonem
459 671 586 724 nostrum
606 669 803 741 comparabam,
829 685 966 742 magnum

102 769 262 826 mehercule
283 767 440 833 hominem,
462 767 512 821 vel
531 765 625 838 potius
644 783 784 822 summum
798 772 828 823 et
841 767 968 841 singula·

102 883 157 924 rem
177 867 287 924 virum:
310 883 398 923 nemo
420 864 500 922 dicet
523 882 628 921 secus:
649 867 701 922 sed
718 864 884 947 orptorem?
914 868 967 924 sed

103 965 185 1022 etiam
199 965 311 1039 Lysiae
325 960 472 1021 similem?
491 980 548 1038 quo
563 963 636 1020 nihil
657 967 752 1036 potest
772 983 835 1021 esse
849 965 965 1038 pictius.

101 1063 175 1120 bella
189 1063 295 1132 ironia,
308 1063 334 1120 si
347 1063 527 1136 jocaremur:
548 1062 594 1118 sin
606 1078 815 1129 asseveramus,
828 1063 908 1131 vide,
928 1081 967 1122 ne

102 1163 199 1236 religio
212 1163 299 1220 nobis
323 1167 382 1218 tam
398 1161 564 1218 adhibenda
576 1160 623 1228 sit,
645 1175 730 1235 quam
743 1158 796 1217 ⁸⁹si
810 1160 968 1220 testimoni-

101 1277 144 1317 um
157 1262 301 1318 dicamus.
343 1261 408 1334 Ego
419 1259 498 1317 enim
513 1259 656 1316 Catonem
669 1264 804 1329 tuum,·nt
814 1260 922 1329 civem,
936 1265 968 1320 ut

102 1366 273 1427 senatorem,
300 1363 333 1415 ut
351 1359 562 1432 imperatorem,
582 1365 614 1415 ut
636 1359 731 1416 virum
749 1359 873 1434 denique
899 1377 967 1418 cum
1057 1377 1063 1392 ¹

102 1459 257 1530 prudentia
271 1462 302 1513 et
311 1456 471 1530 diligentia,
484 1461 543 1514 tum
557 1457 637 1514 omni
645 1458 751 1515 virtute
760 1461 967 1528 excellentem,

100 1557 204 1628 probo:
228 1541 478 1611 oration'esautsm
489 1555 559 1628 ejus,
568 1561 601 1612 ut
614 1555 671 1613 illis
685 1557 870 1630 temporibus,
879 1560 967 1615 valde

98 1655 193 1711 laudo.
215 1652 381 1727 significant
394 1653 472 1710 enim
485 1655 628 1729 quandam
648 1655 768 1711 formam
781 1655 901 1729 ingenii,
915 1657 967 1714 sed

99 1752 253 1809 admodum
265 1751 435 1825 impolitam,
446 1757 476 1809 et
489 1755 576 1825 plene
596 1753 705 1809 rudem.
748 1753 882 1828 Origines
896 1772 968 1812 vero

100 1866 162 1907 cunr
182 1849 318 1908 omnibus
340 1849 463 1907 oratoris
490 1850 620 1907 laudibus
644 1851 763 1908 refertas
789 1852 910 1919 diceres,
937 1856 968 1910 et

101 1947 245 2006 Catonem
266 1963 334 2004 cum
363 1945 490 2003 Philisto
514 1950 544 2002 et
573 1947 751 2019 Thucydide
777 1966 969 2023 comparares,
1060 1987 1062 1990 v

100 2045 228 2106 Brutone
251 2050 280 2101 te
300 2044 330 2100 id
344 2045 495 2111 censebas,
519 2060 557 2101 an
576 2043 648 2102 milri
672 2041 879 2119 probaturum?
898 2065 968 2122 quos

101 2145 174 2204 enim
185 2163 225 2203 ne
241 2143 391 2201 eGraecis
405 2141 521 2217 quidem
535 2141 683 2217 quisquam
695 2142 802 2201 imitari
815 2149 919 2219 potest,
931 2145 968 2204 iis

102 2247 130 2301 tu
139 2259 292 2318 comparas
306 2241 454 2299 hominem
466 2241 675 2311 Tusculanum,
685 2243 813 2302 nondum
821 2245 967 2320 suspican-

103 2346 168 2411 tem,
181 2345 268 2419 quale
285 2344 363 2397 esset
384 2339 500 2414 copiose
522 2345 553 2397 et
571 2346 673 2399 ornate
692 2341 800 2400 dicere.
841 2343 967 2404 Galbam
978 2349 1020 2412 86

102 2440 206 2498 landas.
229 2439 257 2496 si
280 2443 312 2497 ut
334 2437 414 2496 illius
436 2439 539 2497 aetatis
563 2440 734 2514 principem,
753 2442 903 2499 assentior.
924 2443 968 2501 sic

103 2539 177 2598 enim
190 2539 377 2612 accepimus:
399 2536 446 2594 sin
458 2542 490 2594 ut
503 2542 654 2606 oratorem,
675 2539 758 2606 cedo,
779 2557 894 2614 quaeso,
908 2558 969 2598 ora·

103 2635 203 2707 tiones,
216 2635 300 2716 (sunt
314 2633 416 2713 enim,)
431 2640 461 2691 et
473 2635 531 2704 dic,
552 2621 640 2704 huno,
654 2655 738 2711 quem
751 2641 783 2695 tu
796 2640 869 2712 plus,
883 2655 969 2714 quam

103 2738 139 2804 tc,
152 2754 243 2806 amas,
259 2737 392 2803 Brutum,
413 2735 491 2790 velle
506 2739 535 2789 te
548 2733 600 2790 illo
613 2735 700 2791 modo
712 2735 820 2792 dicere.
860 2736 969 2793 Probas
1081 2723 1087 2734 “

104 2832 205 2907 Lepidi
219 2834 379 2894 orationes.
400 2833 527 2906 paullum
538 2831 588 2888 hic
602 2831 657 2887 tibi
668 2832 819 2899 assentior,
832 2835 918 2889 modo
928 2833 971 2890 ita

102 2931 204 3002 laudes,
218 2937 253 2991 nt
263 2933 415 3007 antiquas:
436 2931 512 3006 quod
520 2929 592 2988 item
600 2931 637 2986 de
650 2927 799 2997 Africano,
810 2932 847 2986 de
857 2930 970 3002 Laelio,

102 3031 180 3104 cujus
199 3036 230 3090 tn
254 3030 385 3088 oratione
398 3047 488 3105 negas
501 3028 563 3086 lieri
576 3028 730 3114 quidquam
751 3045 834 3102 posse
846 3030 968 3089 dulcius.

104 3127 181 3187 addis
195 3131 287 3206 etiam
305 3129 410 3196 neseio¹
430 3128 497 3204 quid
519 3127 674 3201 augustius.
695 3128 813 3186 nomine
826 3131 970 3205 noscapis

105 3229 204 3288 summi
217 3227 286 3296 viri,
300 3227 436 3303 vitaeque
458 3224 690 3301 elegantissimae
709 3225 866 3287 verissimis
880 3231 970 3289 laudi·

105 3324 163 3383 hus·
202 3328 337 3385 Remove
359 3327 449 3383 haec:
469 3341 526 3383 nae
549 3325 606 3383 ista
629 3325 724 3384 dulcis
750 3327 843 3386 oratio
862 3328 904 3387 ita
930 3330 969 3387 sit

131 3477 151 3511 ω
165 3479 342 3528 docimentum
356 3478 474 3539 dicamas]
506 3478 543 3525 Sic
558 3478 647 3540 scripsit
660 3439 754 3539 Cicero3
769 3495 821 3538 non,
839 3481 967 3534 diceremur,

106 3537 173 3644 m
181 3537 330 3646 ⁸{iurulgatiez
346 3553 397 3586 nam
412 3537 534 3600 praesedit,
549 3553 697 3588 memoramur
704 3565 715 3576 ·
724 3565 733 3576 -
742 3554 771 3588 ae
781 3539 897 3597 --rdifb
905 3538 970 3584 aaut
