2444 4192
344 355 535 406 narramur:
549 356 772 408 Pauuluroltua
940 367 1004 430 205

136 497 241 567 luanus,
264 505 363 560 tenere
384 495 567 579 possumusl'
588 506 624 566 0.
648 507 682 565 P.
710 509 779 567 Non
807 523 885 566 sane.
925 509 1003 570 Nam

128 595 296 657 auditorum
310 619 392 660 aurea
406 606 589 663 moderantur
607 605 715 664 oratori
737 605 871 680 prudenti
892 610 923 663 et
943 623 1004 679 pro·

134 692 214 762 vido,
228 701 258 754 et
272 701 346 774 quod
361 707 505 776 respuunt,
519 704 728 764 immutandum
742 710 795 763 eat.

178 799 214 857 0.
241 799 275 856 F.
299 799 423 874 Expone
441 804 590 877 deinceps,
608 801 631 837 ²¹
651 821 724 881 quae
754 804 844 878 ipsius
865 802 1004 862 orationis

131 901 341 975 verborumque
369 907 524 976 praecepta
552 901 620 960 nint.
663 903 698 960 G.
728 901 761 960 P.
790 904 891 962 Unum
915 902 1005 977 igitur

131 1015 223 1072 genua
234 1004 278 1056 est
292 1000 446 1074 eloquendi
455 1019 508 1059 sua
515 1005 618 1074 sponte
627 1000 869 1060 lusumzalterunr
877 1019 1003 1069 versum,

133 1101 220 1172 atque
233 1102 382 1156 mutatum.
424 1098 522 1156 Prima
536 1098 582 1155 vis
596 1103 641 1155 eat
654 1099 686 1156 in
699 1099 877 1172 simplicibus
891 1099 1001 1158 verbio:

130 1194 341 1270 inconjunctis
360 1197 498 1253 secunda.
541 1195 692 1270 Simplicia
716 1197 895 1255 invenienda
915 1202 999 1256 suut:

124 1291 144 1324 ²⁸
166 1294 329 1368 conjuncta
352 1296 523 1352 oollooauda
552 1299 627 1353 aunt.
677 1295 717 1353 ut
741 1295 884 1369 simplicia
909 1297 999 1356 verba

128 1392 236 1466 partim
248 1393 347 1450 nativa
358 1399 434 1462 sunt,
445 1392 549 1466 partim
563 1399 683 1467 reperta.
719 1395 831 1452 Nativa
842 1394 914 1463 ea,²⁰
924 1413 997 1472 quae

125 1490 295 1563 significata
321 1496 388 1548 sunt
412 1509 514 1548 sensu:
548 1497 670 1565 reperta,
690 1511 763 1568 quae
786 1512 825 1552 ex
855 1495 899 1552 hia
920 1495 997 1554 laeta

129 1593 208 1657 aunt,
220 1593 250 1646 et
261 1594 367 1646 novata
381 1596 429 1647 aut
443 1589 640 1659 similitudine,
650 1597 700 1649 aut
709 1591 880 1660 imitatione,
891 1598 941 1650 aut
953 1593 996 1651 in·

125 1687 264 1756 flexione,
279 1694 327 1745 aut
340 1689 528 1763 adjunctione
538 1691 699 1746 verborum.
741 1691 839 1763 Atque
853 1689 942 1746 etiam
952 1693 997 1748 eat

126 1785 201 1843 liaeo
231 1786 380 1844 distinctio
417 1787 449 1844 in
474 1785 590 1844 verbis:
623 1789 722 1854 altera,
745 1791 860 1844 natura:
893 1791 996 1846 traota·

123 1884 215 1953 tione,
229 1883 334 1941 altera:
358 1890 468 1952 natura,
482 1889 514 1942 ut
538 1883 596 1941 nint
620 1884 678 1943 alia
700 1883 908 1952 ”sonantiora
931 1902 996 1960 gra·

118 1983 213 2049 viora,
240 1981 352 2039 leviora
384 1987 414 2038 et
433 1983 642 2055 quodammodo
664 1981 821 2040 nitidiora:
846 1982 904 2039 alia
926 1999 994 2040 oon·

125 2087 188 2140 tra:
210 2080 382 2138 tractatione
407 2084 601 2148 autumnum
625 2084 674 2137 aut
700 2081 813 2153 propria
848 2077 867 2112 ³
881 2096 995 2139 sumun-

124 2184 173 2238 tur
204 2197 297 2238 rerum
327 2181 477 2248 voeabula,
508 2182 557 2236 aul
588 2179 686 2236 addila
723 2180 760 2236 ad
794 2195 910 2247 nomen,
944 2183 993 2239 aut

131 2313 134 2320 '
148 2343 173 2377 m
187 2358 242 2416 w„
249 2351 361 2402 „wan
374 2344 437 2406 amp
450 2344 536 2448 soso
545 2350 598 2394 au
613 2344 731 2402 regnam
741 2359 754 2390 e
764 2343 987 2401 latiniorejudieavl.

117 2401 203 2462 Reperr
213 2402 293 2448 deinde
303 2404 325 2448 in
336 2404 383 2450 Ma.
393 2402 422 2448 V.
439 2409 465 2449 et
477 2419 490 2448 a
507 2438 512 2448 .
524 2403 582 2449 Ven.
610 2403 647 2450 Ab
655 2403 690 2448 ed.
699 2403 761 2448 Jnnt,
779 2403 845 2462 plana
855 2401 924 2448 abent

149 2481 173 2512 ²⁸
189 2479 304 2536 oropumtn
318 2480 440 2525 collocanda
450 2479 519 2548 ruat]
539 2479 587 2526 Mn.
603 2485 697 2539 uterque
706 2483 729 2524 et
739 2479 774 2524 ed.
796 2478 853 2524 Van.
865 2480 990 2537 erponem

122 2537 250 2584 collocando
258 2541 294 2583 eat.
305 2538 546 2597 quodantexquiaitrru.
564 2538 622 2584 Mor
632 2537 697 2582 undu
703 2537 764 2582 delet
771 2537 818 2582 Ma
830 2534 859 2582 V.
872 2550 915 2582 non
923 2537 988 2584 male.

149 2617 174 2650 ²⁹
182 2629 238 2675 quur
248 2614 374 2674 n‘gnp'firotu
383 2620 435 2662 aratu
444 2615 526 2674 amaru]
540 2614 644 2684 lutelligo
653 2633 658 2660 ι
670 2629 727 2674 quae
744 2613 842 2660 indicata
852 2618 876 2658 el
886 2629 926 2676 anp
942 2614 990 2660 edi-

120 2680 172 2722 tata
181 2679 232 2719 aunt
257 2687 281 2717 er
300 2687 388 2718 sennam
397 2687 427 2718 ar..
447 2685 527 2727 rerum,
538 2673 567 2718 de
586 2673 665 2733 qulbus
675 2673 765 2732 proprie
774 2671 884 2729 diduntur,
892 2629 951 2719 laria
960 2687 988 2719 ex

120 2749 193 2781 sensu.
256 2731 405 2789 oxudp‘uootio
417 2731 534 2777 uerborum
550 2735 591 2786 eat,
610 2745 675 2790 quam
692 2730 837 2776 Grammatici
846 2730 989 2778 dicuutoom·

161 2791 260 2836 itionem.

119 2807 171 2903 1³⁰3
181 2867 325 2938 madiam]
336 2867 374 2913 Sic
380 2866 479 2914 dedimus
486 2882 527 2928 pro
533 2868 698 2914 commutem
707 2867 775 2914 eMa.
785 2867 929 2972 ulroffiflio
938 2883 987 2931 unp.

120 2945 165 2990 aeq.
197 2929 236 2974 Or.
249 2926 342 2997 493inrt.
355 2931 398 2972 ate.
410 2931 488 2987 estque
499 2927 540 2972 hoc
549 2926 661 2996 proprium
672 2926 695 2970 in
705 2927 747 2972 hac
764 2939 845 2994 re'ver
876 2985 881 2996 Ι
898 2961 903 2972 .
935 2927 988 2975 Por-

119 2984 393 3093 alterautra
408 2983 988 3112 ttttaudutattrtruuttau

119 3103 224 3151 eonvenit
232 3102 380 3164 sequentibus,
390 3107 429 3149 aut
439 3103 478 3149 rei.
511 3101 535 3147 N
536 3118 573 3148 am
583 3103 639 3149 leoiu
649 3101 725 3156 verba,
737 3115 794 3170 quae
802 3103 909 3158 cruentur
918 3119 986 3173 oppo-

120 3167 209 3217 nuntur,
226 3177 269 3209 non
285 3165 335 3208 aunt
350 3161 375 3207 in
388 3162 461 3218 lande,
472 3163 496 3207 et
506 3162 590 3208 tanim
600 3177 643 3208 non
653 3164 791 3206 consentiunt
807 3175 857 3206 cum
865 3161 985 3220 oilidrain

119 3222 197 3282 quibua
207 3225 240 3268 eat
250 3221 316 3267 modo
326 3220 410 3280 aliquid
428 3221 528 3282 amplius,
554 3235 605 3267 uarn
617 3220 640 3266 in
657 3218 854 3279 praecedentibus:
870 3220 951 3267 ὶουίοηι
965 3227 985 3269 et

120 3280 274 3340 pudununodo
289 3277 396 3324 nitidum
406 3282 457 3324 runt
471 3293 499 3325 ex
557 3293 593 3325 em
608 3291 695 3339 genere.
727 3277 769 3324 Est
782 3291 836 3337 ergo
845 3279 984 3328 saribeudum

120 3347 232 3403 moion
247 3347 331 3394 Laevia
347 3351 399 3394 aunt
421 3345 461 3392 Gr.
480 3356 588 3409 pretege.
622 3345 684 3392 Aliae
703 3343 761 3390 lenta
782 3343 847 3390 verbu
865 3343 984 3390 laudantur

119 3405 186 3476 etiam
197 3406 277 3452 merito
287 3411 313 3452 ut
327 3421 346 3453 c.
358 3420 403 3466 aeq.
424 3401 460 3450 'lo'
470 3403 543 3452 verbis
557 3402 689 3452 suavitatem
704 3401 847 3450 efficientibus
856 3408 906 3449 sunt
915 3401 983 3448 etiam

120 3465 306 3604 wermudae]
322 3543 362 3590 int.
374 3546 458 3598 mutuo,
469 3546 495 3589 ut
509 3543 564 3588 fiant
584 3541 677 3603 tropica,
694 3552 736 3594 ete.
768 3543 930 3603 Sicjaliquotier
940 3542 981 3592 lae

118 3601 210 3649 verbum
219 3601 346 3650 inOratore
355 3605 379 3648 et
387 3600 443 3648 alibi
452 3599 575 3648 habuimur.
