2444 4192
224 387 302 469 252⁴
537 372 793 430 AD-t'ttutta'th

222 527 377 588 distributa
388 531 449 600 eat:
471 542 589 604 quarum
604 543 663 585 una
681 531 735 594 eet,
757 541 825 584 oum
843 521 999 599 quaeritur,
1018 523 1092 581 aitne

222 625 350 702 aliquid3
364 628 464 694 altera,
478 628 554 684 unde
568 630 660 684 ortum
680 625 736 695 ait3
757 623 851 691 tertia,
864 637 938 699 quae
959 622 992 678 id
1006 637 1093 680 oaoea

223 724 367 795 effecerim
389 729 498 800 quarta,
518 724 549 782 ia
563 742 620 798 qua
639 726 677 781 de
693 721 852 781 mutatione
872 719 915 778 rei
929 720 1091 795 quaeritur:

226 825 282 894 Sit,
307 841 402 883 aeone
428 824 488 881 sita
516 825 689 900 ecquidnam
720 823 874 881 honestum
900 818 960 879 eit:
989 819 1093 896 eoquid

223 941 346 999 aequum
365 941 396 980 re
417 940 505 993 vera3
529 940 567 980 an
591 924 664 980 haeo
685 926 797 980 tantum
817 921 851 980 in
864 921 1004 994 opinione
1023 919 1092 978 aiat

224 1023 312 1080 Unde
327 1026 423 1080 autem
444 1021 482 1079 ait
495 1027 597 1090 ortum,
616 1029 657 1091 ut,
677 1039 744 1080 oum
758 1019 912 1096 quaeritur,
929 1023 1044 1087 natura,
1056 1035 1093 1075 aa

224 1122 357 1180 doctrina
378 1122 469 1196 possit
490 1121 567 1180 effioi
588 1121 689 1180 virtus.
731 1120 828 1178 Oausa
847 1123 945 1176 autem
963 1116 1091 1176 efficiens

224 1220 277 1287 aio,
291 1227 331 1290 ut,
344 1239 411 1283 oum
425 1221 578 1296 quaeritur,
594 1219 696 1294 quibus
709 1221 793 1277 rebus
807 1217 974 1292 eloquentia
989 1215 1092 1274 effieie·

224 1321 277 1374 tur.
309 1320 356 1375 De
370 1320 605 1386 commutatione,
616 1320 675 1376 aio:
691 1318 826 1375 Posaitne
839 1314 1008 1390 eloquentia
1018 1329 1090 1372 oom-

171 1427 213 1486 22
224 1417 384 1476 mutatione
397 1418 493 1492 aliqua
501 1417 635 1475 eonverti
647 1417 679 1473 in
693 1415 854 1474 infantiam.
879 1414 975 1472 'Cum
988 1418 1091 1480 autem,

224 1515 292 1590 quid
306 1515 353 1583 sit,
367 1515 524 1589 quaeritur3
539 1516 619 1572 notio
633 1514 810 1588 explicanda
824 1517 876 1581 eet,
885 1516 915 1569 et
924 1513 1091 1587 proprietas,

224 1617 255 1672 et
263 1613 380 1683 divisio,
388 1619 419 1672 et
429 1612 554 1687 partitio.
577 1613 661 1671 Haeo
674 1613 754 1670 enim
765 1619 832 1671 sunt
842 1611 1005 1670 definitioni
1017 1611 1093 1668 attri-

221 1713 306 1786 buta:
316 1713 429 1772 additur
439 1713 528 1772 etiam
542 1702 802 1786 desoripda'quam
813 1710 922 1770 Graeci
934 1708 953 1741 ⁸¹
962 1731 1094 1782 χιμηςι

224 1817 343 1871 vocant.
385 1813 477 1872 Notio
490 1813 532 1869 aio
547 1811 706 1887 quaeritur:
728 1811 804 1868 sitne
824 1811 855 1867 id
868 1827 997 1885 aequum,
1015 1807 1092 1882 quod

225 1912 264 1980 ei,
290 1913 340 1986 qui
363 1913 426 1984 plus
449 1915 553 1984 potest,
580 1911 651 1968 utile
679 1914 733 1967 est.
774 1909 939 1983 Proprietas
967 1907 1027 1964 sio:
1055 1907 1092 1964 In

225 2010 411 2069 hominemne
426 2013 517 2068 solum
531 2011 626 2078 eadat,
646 2028 683 2067 an
698 2009 785 2066 etiam
799 2009 830 2065 in
846 2009 958 2065 belluae
972 2006 1091 2082 aegritu·

225 2109 273 2166 do.
311 2109 439 2176 Divisio,
461 2115 492 2165 et
515 2110 617 2168 eodem
638 2114 724 2182 paeto
751 2107 875 2181 partitio,
896 2107 959 2163 aio:
985 2107 1094 2164 Trione

223 2222 331 2278 genera
348 2208 486 2262 bonorum
500 2206 567 2262 sint.
610 2206 786 2279 Descriptio,
808 2205 908 2278 Qualis
923 2186 962 2262 sit
981 2223 1092 2272 avarus,

223 2299 315 2375 qualis
337 2306 506 2368 assentator,
525 2308 678 2376 ceteraque
695 2305 824 2376 ejusdem
843 2303 970 2377 generis,
990 2305 1022 2362 in
1036 2304 1092 2379 qui·

177 2475 179 2480 ,
222 2399 275 2458 bua
289 2405 390 2456 natura
404 2403 434 2456 et
445 2399 508 2457 vita
520 2401 699 2458 ‹lesoribitun
742 2403 816 2461 Cum
830 2407 926 2460 autem
939 2403 1092 2477 quaeritur,

223 2501 308 2575 quale
319 2499 388 2575 quid
401 2499 456 2584 sit3
477 2505 528 2558 aut
546 2500 719 2574 simpliciter
736 2485 888 2576 quaeritur,
911 2507 961 2559 aut
980 2519 1093 2576 compa·
1203 2537 1204 2552 η

223 2604 301 2656 rate:
319 2597 499 2672 simpliciter,
513 2599 725 2673 Expetendane
738 2600 777 2656 eit
791 2597 903 2674 gloria?
916 2606 1091 2674 comparate,

214 2697 473 2772 'Praeponendane
494 2698 532 2755 sit
558 2698 669 2756 divitiis
697 2695 811 2772 gloria?
833 2697 1020 2772 Simplicium
1040 2699 1093 2756 tria

223 2815 332 2873 genera
344 2800 425 2856 eunt:
446 2797 483 2854 de
497 2798 663 2872 expetendo
676 2781 886 2871 fugiendoque:
906 2798 943 2853 de
957 2799 1052 2872 aequo
1064 2801 1093 2854 et

221 2899 340 2974 iniquo:
362 2899 399 2954 de
413 2898 535 2954 honesto
549 2901 579 2954 et
592 2896 676 2970 turpi.
719 2895 979 2968 Comparationum
997 2899 1093 2952 autem

217 2991 289 3063 duo}
309 2999 398 3055 unum
418 2998 455 3054 de
469 2997 572 3075 eodem
593 3000 623 3052 et
643 2995 716 3052 alio:
740 2996 861 3050 atterum
882 2995 919 3050 de
939 2995 1050 3069 majore
1063 2996 1092 3052 et

223 3093 342 3153 minore.
385 3095 433 3153 De
443 3095 612 3167 expetendo
626 3099 656 3150 et
670 3093 816 3167 fugiendo,
829 3091 1009 3166 hujusmodi:
1029 3091 1051 3124 ⁸²
1060 3091 1092 3150 ei

251 3255 270 3286 ⁸¹
285 3254 436 3350 χαςωιτκέι]
459 3255 511 3302 Hoc
527 3259 561 3302 eet
575 3269 589 3300 a
603 3253 713 3310 victorio,
730 3253 766 3314 qui
782 3253 839 3300 tiano
853 3251 908 3300 dicit
923 3266 972 3300 erse
981 3255 1092 3320 vetustam

222 3312 349 3363 lectionem.
380 3325 439 3356 tane
449 3314 480 3358 aio
488 3314 542 3359 alibi
553 3312 652 3372 appellat
661 3312 740 3358 Cicero
749 3325 840 3370 graece:
852 3315 950 3358 cetemm
960 3310 984 3356 in
994 3309 1091 3357 Medml.

221 3383 282 3429 locus
291 3391 372 3426 vacans
382 3383 428 3426 eat:
440 3379 463 3424 in
476 3381 528 3426 Aac.
541 3373 707 3440 idumeae,
723 3393 765 3438 pro
775 3393 819 3440 quo
827 3393 904 3424 manua
912 3377 978 3426 docta
988 3377 1011 3423 in
1020 3389 1091 3424 exem-

175 3465 184 3476 *
220 3445 260 3506 plo
269 3461 319 3494 meo
328 3444 416 3508 scripsit
429 3438 557 3507 ὖπνγςαφιπ.
590 3443 708 3490 tnaliisut
721 3445 783 3491 runt.
800 3453 952 3507 mennon,
968 3449 995 3490 ut
1013 3441 1092 3503 opnor

220 3523 234 3555 e
243 3513 346 3572 eorrupta
356 3507 463 3569 scriptura
471 3509 505 3554 ed.
517 3507 575 3554 Ven.
591 3519 723 3567 mononem.
1203 3545 1204 3550 ,

248 3589 270 3622 ⁸2
284 3586 565 3650 demandandum]
596 3587 689 3635 amna
699 3588 752 3635 ina
764 3587 974 3644 hamtunam,
988 3585 1040 3648 qua
1057 3597 1088 3654 .¹⁰
1203 3551 1204 3626 i

216 3661 263 3752 a&
258 3646 345 3754 ᾷίἷίὶιῧί
348 3649 370 3694 h.
380 3647 402 3754 h
421 3646 467 3754 1{ed
479 3646 528 3752 aiio
538 3661 625 3712 quoque
634 3647 689 3696 tocie
699 3648 757 3709 apud
768 3645 1024 3704 Ciceronemeetutad
1056 3659 1084 3690 aa
1203 3632 1204 3672 i

263 3737 270 3762 r
296 3739 301 3752 ·
346 3721 368 3753 V·
403 3739 409 3764 a
450 3720 479 3764 ,e
503 3741 508 3751 ·
