<?xml version="1.0" encoding="UTF-8"?>
<!DOCTYPE html PUBLIC "-//W3C//DTD XHTML 1.0 Transitional//EN"
    "http://www.w3.org/TR/xhtml1/DTD/xhtml1-transitional.dtd">
<html xmlns="http://www.w3.org/1999/xhtml" xml:lang="en" lang="en">
 <head>
  <title>
</title>
<meta http-equiv="Content-Type" content="text/html;charset=utf-8" />
  <meta name='ocr-system' content='tesseract 3.04.00' />
  <meta name='ocr-capabilities' content='ocr_page ocr_carea ocr_par ocr_line ocrx_word'/>
</head>
<body>
  <div class='ocr_page' id='page_1' title='image "./mtvlliiciceroni09cicegoog/mtvlliiciceroni09cicegoog_0059.png"; bbox 0 0 2474 4188; ppageno 0'>
   <div class='ocr_carea' id='block_1_1' title="bbox 222 263 717 334">
    <p class='ocr_par' dir='ltr' id='par_1_1' title="bbox 222 263 717 334">
     <span class='ocr_line' id='line_1_1' title="bbox 222 263 717 334; baseline 0.002 -14"><span class='ocrx_word' id='word_1_1' title='bbox 222 267 272 334; x_wconf 69' lang='lat'>48·</span> <span class='ocrx_word' id='word_1_2' title='bbox 583 263 717 322; x_wconf 76' lang='lat' dir='ltr'>murus.</span> 
     </span>
    </p>
   </div>
   <div class='ocr_carea' id='block_1_2' title="bbox 124 414 1161 2070">
    <p class='ocr_par' dir='ltr' id='par_1_2' title="bbox 124 414 1161 2070">
     <span class='ocr_line' id='line_1_2' title="bbox 218 414 1103 494; baseline 0.009 -22"><span class='ocrx_word' id='word_1_3' title='bbox 218 427 292 472; x_wconf 83' lang='lat' dir='ltr'>mue.</span> <span class='ocrx_word' id='word_1_4' title='bbox 333 414 402 485; x_wconf 89' lang='lat' dir='ltr'>llio,</span> <span class='ocrx_word' id='word_1_5' title='bbox 420 415 470 492; x_wconf 87' lang='lat' dir='ltr'>qui</span> <span class='ocrx_word' id='word_1_6' title='bbox 489 415 520 477; x_wconf 87' lang='lat' dir='ltr'>in</span> <span class='ocrx_word' id='word_1_7' title='bbox 533 419 661 494; x_wconf 84' lang='lat' dir='ltr'>collegio</span> <span class='ocrx_word' id='word_1_8' title='bbox 673 418 857 476; x_wconf 72' lang='lat' dir='ltr'>sacerdotum</span> <span class='ocrx_word' id='word_1_9' title='bbox 876 419 964 487; x_wconf 85' lang='lat' dir='ltr'>esset,</span> <span class='ocrx_word' id='word_1_10' title='bbox 986 415 1103 494; x_wconf 73' lang='lat' dir='ltr'>primur</span> 
     </span>
     <span class='ocr_line' id='line_1_3' title="bbox 216 511 1093 594; baseline 0.005 -22"><span class='ocrx_word' id='word_1_11' title='bbox 216 520 283 586; x_wconf 88' lang='lat' dir='ltr'>post</span> <span class='ocrx_word' id='word_1_12' title='bbox 304 511 428 576; x_wconf 85' lang='lat' dir='ltr'>Romam</span> <span class='ocrx_word' id='word_1_13' title='bbox 440 518 588 576; x_wconf 88' lang='lat' dir='ltr'>conditum</span> <span class='ocrx_word' id='word_1_14' title='bbox 605 518 722 594; x_wconf 86' lang='lat' dir='ltr'>judicio</span> <span class='ocrx_word' id='word_1_15' title='bbox 742 517 860 592; x_wconf 87' lang='lat' dir='ltr'>publico</span> <span class='ocrx_word' id='word_1_16' title='bbox 886 523 932 576; x_wconf 89' lang='lat' dir='ltr'>est</span> <span class='ocrx_word' id='word_1_17' title='bbox 954 521 1093 576; x_wconf 89' lang='lat' dir='ltr'>condem·</span> 
     </span>
     <span class='ocr_line' id='line_1_4' title="bbox 163 611 1093 692; baseline 0.005 -22"><span class='ocrx_word' id='word_1_18' title='bbox 163 611 207 680; x_wconf 70' lang='grc'>34</span> <span class='ocrx_word' id='word_1_19' title='bbox 217 617 311 670; x_wconf 84' lang='lat' dir='ltr'>natus.</span> <span class='ocrx_word' id='word_1_20' title='bbox 351 616 386 672; x_wconf 87' lang='lat' dir='ltr'>P.</span> <span class='ocrx_word' id='word_1_21' title='bbox 402 615 511 690; x_wconf 83' lang='lat' dir='ltr'>Scipio,</span> <span class='ocrx_word' id='word_1_22' title='bbox 525 616 575 692; x_wconf 90' lang='lat' dir='ltr'>qui</span> <span class='ocrx_word' id='word_1_23' title='bbox 587 622 632 674; x_wconf 85' lang='lat' dir='ltr'>est</span> <span class='ocrx_word' id='word_1_24' title='bbox 654 618 686 675; x_wconf 87' lang='lat' dir='ltr'>in</span> <span class='ocrx_word' id='word_1_25' title='bbox 700 619 855 675; x_wconf 73' lang='lat' dir='ltr'><strong>consulatu</strong></span> <span class='ocrx_word' id='word_1_26' title='bbox 868 621 1007 685; x_wconf 87' lang='lat' dir='ltr'>mortuus,</span> <span class='ocrx_word' id='word_1_27' title='bbox 1032 635 1093 676; x_wconf 93' lang='lat' dir='ltr'>non</span> 
     </span>
     <span class='ocr_line' id='line_1_5' title="bbox 216 712 1091 790; baseline 0.007 -22"><span class='ocrx_word' id='word_1_28' title='bbox 216 713 337 788; x_wconf 77' lang='lat' dir='ltr'>mullum</span> <span class='ocrx_word' id='word_1_29' title='bbox 351 712 402 770; x_wconf 86' lang='lat' dir='ltr'>ille</span> <span class='ocrx_word' id='word_1_30' title='bbox 415 713 541 788; x_wconf 86' lang='lat' dir='ltr'>quidem,</span> <span class='ocrx_word' id='word_1_31' title='bbox 555 733 612 774; x_wconf 90' lang='lat' dir='ltr'>nec</span> <span class='ocrx_word' id='word_1_32' title='bbox 626 733 714 790; x_wconf 86' lang='lat' dir='ltr'>saepe</span> <span class='ocrx_word' id='word_1_33' title='bbox 727 712 854 784; x_wconf 85' lang='lat' dir='ltr'>dicebat,</span> <span class='ocrx_word' id='word_1_34' title='bbox 867 717 920 772; x_wconf 86' lang='lat' dir='ltr'>sed</span> <span class='ocrx_word' id='word_1_35' title='bbox 934 720 965 773; x_wconf 88' lang='lat' dir='ltr'>et</span> <span class='ocrx_word' id='word_1_36' title='bbox 979 714 1091 774; x_wconf 83' lang='lat' dir='ltr'>Latine</span> 
     </span>
     <span class='ocr_line' id='line_1_6' title="bbox 208 809 1092 888; baseline 0.002 -20"><span class='ocrx_word' id='word_1_37' title='bbox 208 809 359 885; x_wconf 80' lang='lat' dir='ltr'>loquendo</span> <span class='ocrx_word' id='word_1_38' title='bbox 379 812 476 872; x_wconf 86' lang='lat' dir='ltr'>cuivis</span> <span class='ocrx_word' id='word_1_39' title='bbox 501 819 565 870; x_wconf 88' lang='lat' dir='ltr'>erat</span> <span class='ocrx_word' id='word_1_40' title='bbox 584 832 645 888; x_wconf 88' lang='lat' dir='ltr'>par,</span> <span class='ocrx_word' id='word_1_41' title='bbox 667 818 699 872; x_wconf 88' lang='lat' dir='ltr'>et</span> <span class='ocrx_word' id='word_1_42' title='bbox 719 830 821 872; x_wconf 91' lang='lat' dir='ltr'>omnes</span> <span class='ocrx_word' id='word_1_43' title='bbox 843 815 905 872; x_wconf 88' lang='lat' dir='ltr'>sale</span> <span class='ocrx_word' id='word_1_44' title='bbox 920 811 1092 888; x_wconf 77' lang='lat' dir='ltr'><strong>facetiisque</strong></span> 
     </span>
     <span class='ocr_line' id='line_1_7' title="bbox 216 909 1161 988; baseline 0.004 -22"><span class='ocrx_word' id='word_1_45' title='bbox 216 912 377 984; x_wconf 78' lang='lat' dir='ltr'>superabat.</span> <span class='ocrx_word' id='word_1_46' title='bbox 397 911 460 985; x_wconf 87' lang='lat' dir='ltr'>ejus</span> <span class='ocrx_word' id='word_1_47' title='bbox 480 915 597 988; x_wconf 82' lang='lat' dir='ltr'>collega</span> <span class='ocrx_word' id='word_1_48' title='bbox 620 914 656 972; x_wconf 85' lang='lat' dir='ltr'>L.</span> <span class='ocrx_word' id='word_1_49' title='bbox 671 913 772 972; x_wconf 86' lang='lat' dir='ltr'>Bestia</span> <span class='ocrx_word' id='word_1_50' title='bbox 786 913 870 971; x_wconf 89' lang='lat' dir='ltr'>bonis</span> <span class='ocrx_word' id='word_1_51' title='bbox 894 909 989 970; x_wconf 83' lang='lat' dir='ltr'>initiis</span> <span class='ocrx_word' id='word_1_52' title='bbox 1009 929 1091 970; x_wconf 85' lang='lat' dir='ltr'>orsus</span> <span class='ocrx_word' id='word_1_53' title='bbox 1156 915 1161 919; x_wconf 86' lang='lat'>&#39;</span> 
     </span>
     <span class='ocr_line' id='line_1_8' title="bbox 215 1005 1091 1088; baseline 0.003 -24"><span class='ocrx_word' id='word_1_54' title='bbox 215 1007 385 1078; x_wconf 86' lang='lat' dir='ltr'>tribunatus,</span> <span class='ocrx_word' id='word_1_55' title='bbox 409 1005 492 1088; x_wconf 89' lang='lat' dir='ltr'>(nam</span> <span class='ocrx_word' id='word_1_56' title='bbox 513 1011 548 1071; x_wconf 89' lang='grc' dir='ltr'>Ρ.</span> <span class='ocrx_word' id='word_1_57' title='bbox 569 1011 726 1086; x_wconf 86' lang='lat' dir='ltr'>Popillium</span> <span class='ocrx_word' id='word_1_58' title='bbox 747 1009 829 1070; x_wconf 81' lang='lat' dir='ltr'>vro.</span> <span class='ocrx_word' id='word_1_59' title='bbox 845 1009 975 1068; x_wconf 82' lang='lat' dir='ltr'>Gracchi</span> <span class='ocrx_word' id='word_1_60' title='bbox 988 1012 1091 1083; x_wconf 82' lang='lat' dir='ltr'>expul-</span> 
     </span>
     <span class='ocr_line' id='line_1_9' title="bbox 215 1106 1090 1188; baseline 0.002 -24"><span class='ocrx_word' id='word_1_61' title='bbox 215 1121 278 1164; x_wconf 88' lang='lat' dir='ltr'>rum</span> <span class='ocrx_word' id='word_1_62' title='bbox 289 1126 340 1166; x_wconf 89' lang='lat' dir='ltr'>sua</span> <span class='ocrx_word' id='word_1_63' title='bbox 362 1109 511 1184; x_wconf 84' lang='lat' dir='ltr'>rogatione</span> <span class='ocrx_word' id='word_1_64' title='bbox 532 1106 680 1188; x_wconf 71' lang='lat' dir='ltr'>restituit)</span> <span class='ocrx_word' id='word_1_65' title='bbox 694 1110 741 1168; x_wconf 89' lang='lat' dir='ltr'>vir</span> <span class='ocrx_word' id='word_1_66' title='bbox 757 1115 791 1167; x_wconf 91' lang='lat' dir='ltr'>et</span> <span class='ocrx_word' id='word_1_67' title='bbox 812 1126 889 1177; x_wconf 91' lang='lat' dir='ltr'>acer,</span> <span class='ocrx_word' id='word_1_68' title='bbox 899 1112 930 1166; x_wconf 88' lang='lat' dir='ltr'>ct</span> <span class='ocrx_word' id='word_1_69' title='bbox 943 1125 1002 1166; x_wconf 91' lang='lat' dir='ltr'>non</span> <span class='ocrx_word' id='word_1_70' title='bbox 1015 1108 1090 1166; x_wconf 90' lang='lat' dir='ltr'>indi-</span> 
     </span>
     <span class='ocr_line' id='line_1_10' title="bbox 213 1204 1091 1274; baseline 0.003 -13"><span class='ocrx_word' id='word_1_71' title='bbox 213 1212 315 1274; x_wconf 83' lang='lat' dir='ltr'>sertus,</span> <span class='ocrx_word' id='word_1_72' title='bbox 341 1208 436 1265; x_wconf 86' lang='lat' dir='ltr'>tristes</span> <span class='ocrx_word' id='word_1_73' title='bbox 460 1207 557 1268; x_wconf 82' lang='lat' dir='ltr'>exitus</span> <span class='ocrx_word' id='word_1_74' title='bbox 580 1209 682 1266; x_wconf 90' lang='lat' dir='ltr'>hahuit</span> <span class='ocrx_word' id='word_1_75' title='bbox 703 1209 878 1267; x_wconf 88' lang='lat' dir='ltr'>consulatus.</span> <span class='ocrx_word' id='word_1_76' title='bbox 900 1204 1091 1266; x_wconf 57' lang='lat' dir='ltr'>nantinu-</span> 
     </span>
     <span class='ocr_line' id='line_1_11' title="bbox 212 1299 1088 1384; baseline 0.003 -25"><span class='ocrx_word' id='word_1_77' title='bbox 212 1302 294 1360; x_wconf 86' lang='lat' dir='ltr'>diosa</span> <span class='ocrx_word' id='word_1_78' title='bbox 307 1307 373 1379; x_wconf 79' lang='lat' dir='ltr'>lege</span> <span class='ocrx_word' id='word_1_79' title='bbox 387 1305 522 1364; x_wconf 85' lang='lat' dir='ltr'>Mamilia</span> <span class='ocrx_word' id='word_1_80' title='bbox 536 1299 695 1384; x_wconf 79' lang='lat' dir='ltr'>[quaestio]</span> <span class='ocrx_word' id='word_1_81' title='bbox 711 1307 747 1364; x_wconf 84' lang='lat' dir='ltr'>C.</span> <span class='ocrx_word' id='word_1_82' title='bbox 760 1306 886 1364; x_wconf 82' lang='lat' dir='ltr'>Galbam</span> <span class='ocrx_word' id='word_1_83' title='bbox 896 1307 1088 1373; x_wconf 78' lang='lat' dir='ltr'>sacerdotem,</span> 
     </span>
     <span class='ocr_line' id='line_1_12' title="bbox 211 1404 1084 1478; baseline 0.001 -19"><span class='ocrx_word' id='word_1_84' title='bbox 211 1409 243 1460; x_wconf 88' lang='lat' dir='ltr'>st</span> <span class='ocrx_word' id='word_1_85' title='bbox 255 1408 375 1478; x_wconf 88' lang='lat' dir='ltr'>quatuor</span> <span class='ocrx_word' id='word_1_86' title='bbox 394 1406 570 1472; x_wconf 88' lang='lat' dir='ltr'>consulares,</span> <span class='ocrx_word' id='word_1_87' title='bbox 593 1407 629 1464; x_wconf 86' lang='lat' dir='ltr'>L.</span> <span class='ocrx_word' id='word_1_88' title='bbox 647 1405 789 1473; x_wconf 78' lang='lat' dir='ltr'>Bestiam,</span> <span class='ocrx_word' id='word_1_89' title='bbox 811 1405 847 1463; x_wconf 88' lang='lat' dir='ltr'>C.</span> <span class='ocrx_word' id='word_1_90' title='bbox 863 1404 1017 1472; x_wconf 78' lang='lat' dir='ltr'>Catonem,</span> <span class='ocrx_word' id='word_1_91' title='bbox 1033 1405 1084 1478; x_wconf 89' lang='lat' dir='ltr'>Sp.</span> 
     </span>
     <span class='ocr_line' id='line_1_13' title="bbox 213 1501 1086 1577; baseline 0 -17"><span class='ocrx_word' id='word_1_92' title='bbox 213 1501 364 1571; x_wconf 84' lang='lat' dir='ltr'>Albinum,</span> <span class='ocrx_word' id='word_1_93' title='bbox 385 1502 539 1577; x_wconf 87' lang='lat' dir='ltr'>civemque</span> <span class='ocrx_word' id='word_1_94' title='bbox 560 1503 843 1577; x_wconf 88' lang='lat' dir='ltr'>praestantissimum</span> <span class='ocrx_word' id='word_1_95' title='bbox 867 1503 903 1561; x_wconf 85' lang='lat' dir='ltr'>L.</span> <span class='ocrx_word' id='word_1_96' title='bbox 926 1502 1086 1577; x_wconf 86' lang='lat' dir='ltr'>Opimium,</span> 
     </span>
     <span class='ocr_line' id='line_1_14' title="bbox 211 1599 1085 1676; baseline 0 -18"><span class='ocrx_word' id='word_1_97' title='bbox 211 1599 341 1660; x_wconf 80' lang='lat' dir='ltr'>Gracchi</span> <span class='ocrx_word' id='word_1_98' title='bbox 359 1600 593 1670; x_wconf 88' lang='lat' dir='ltr'>imterlcctorem,</span> <span class='ocrx_word' id='word_1_99' title='bbox 612 1619 632 1658; x_wconf 88' lang='lat' dir='ltr'>a</span> <span class='ocrx_word' id='word_1_100' title='bbox 650 1603 757 1676; x_wconf 91' lang='lat' dir='ltr'>populo</span> <span class='ocrx_word' id='word_1_101' title='bbox 781 1603 954 1670; x_wconf 88' lang='lat' dir='ltr'>absolutum,</span> <span class='ocrx_word' id='word_1_102' title='bbox 968 1618 1037 1658; x_wconf 90' lang='lat' dir='ltr'>cum</span> <span class='ocrx_word' id='word_1_103' title='bbox 1058 1601 1085 1658; x_wconf 84' lang='lat' dir='ltr'>is</span> 
     </span>
     <span class='ocr_line' id='line_1_15' title="bbox 210 1699 1086 1774; baseline 0 -18"><span class='ocrx_word' id='word_1_104' title='bbox 210 1703 313 1756; x_wconf 89' lang='lat' dir='ltr'>contra</span> <span class='ocrx_word' id='word_1_105' title='bbox 336 1701 435 1774; x_wconf 91' lang='lat' dir='ltr'>populi</span> <span class='ocrx_word' id='word_1_106' title='bbox 457 1700 583 1758; x_wconf 88' lang='lat' dir='ltr'>studium</span> <span class='ocrx_word' id='word_1_107' title='bbox 610 1700 746 1768; x_wconf 83' lang='lat' dir='ltr'>stetisset,</span> <span class='ocrx_word' id='word_1_108' title='bbox 780 1699 949 1758; x_wconf 84' lang='lat' dir='ltr'>Gracchani</span> <span class='ocrx_word' id='word_1_109' title='bbox 966 1699 1086 1774; x_wconf 84' lang='lat' dir='ltr'>judices</span> 
     </span>
     <span class='ocr_line' id='line_1_16' title="bbox 210 1797 1087 1874; baseline 0 -18"><span class='ocrx_word' id='word_1_110' title='bbox 210 1799 394 1856; x_wconf 89' lang='lat' dir='ltr'>sustulerunt.</span> <span class='ocrx_word' id='word_1_111' title='bbox 436 1799 528 1874; x_wconf 82' lang='lat' dir='ltr'>liujus</span> <span class='ocrx_word' id='word_1_112' title='bbox 542 1798 691 1857; x_wconf 87' lang='lat' dir='ltr'>dissimilis</span> <span class='ocrx_word' id='word_1_113' title='bbox 705 1798 736 1856; x_wconf 91' lang='lat' dir='ltr'>in</span> <span class='ocrx_word' id='word_1_114' title='bbox 750 1800 906 1866; x_wconf 81' lang='lat' dir='ltr'>tribunatu,</span> <span class='ocrx_word' id='word_1_115' title='bbox 918 1797 1087 1874; x_wconf 85' lang='lat' dir='ltr'>reliquaque</span> 
     </span>
     <span class='ocr_line' id='line_1_17' title="bbox 124 1895 1084 1971; baseline 0 -17"><span class='ocrx_word' id='word_1_116' title='bbox 124 1895 129 1902; x_wconf 87' lang='lat'>&#39;</span> <span class='ocrx_word' id='word_1_117' title='bbox 210 1897 291 1956; x_wconf 90' lang='lat' dir='ltr'>omni</span> <span class='ocrx_word' id='word_1_118' title='bbox 304 1896 377 1966; x_wconf 88' lang='lat' dir='ltr'>vita,</span> <span class='ocrx_word' id='word_1_119' title='bbox 397 1896 473 1955; x_wconf 91' lang='lat' dir='ltr'>civis</span> <span class='ocrx_word' id='word_1_120' title='bbox 487 1896 633 1971; x_wconf 90' lang='lat' dir='ltr'>improbus</span> <span class='ocrx_word' id='word_1_121' title='bbox 648 1897 683 1957; x_wconf 79' lang='lat' dir='ltr'>G.</span> <span class='ocrx_word' id='word_1_122' title='bbox 704 1896 837 1955; x_wconf 87' lang='lat' dir='ltr'>Licinius</span> <span class='ocrx_word' id='word_1_123' title='bbox 852 1897 955 1954; x_wconf 86' lang='lat' dir='ltr'>Nerva</span> <span class='ocrx_word' id='word_1_124' title='bbox 967 1913 1026 1957; x_wconf 85' lang='lat' dir='ltr'>non</span> <span class='ocrx_word' id='word_1_125' title='bbox 1039 1895 1084 1954; x_wconf 90' lang='lat' dir='ltr'>in·</span> 
     </span>
     <span class='ocr_line' id='line_1_18' title="bbox 209 1995 1081 2070; baseline -0.001 -17"><span class='ocrx_word' id='word_1_126' title='bbox 209 1995 334 2054; x_wconf 85' lang='lat' dir='ltr'>disertus</span> <span class='ocrx_word' id='word_1_127' title='bbox 354 1996 418 2055; x_wconf 88' lang='lat' dir='ltr'>luit.</span> <span class='ocrx_word' id='word_1_128' title='bbox 458 1997 494 2055; x_wconf 83' lang='lat' dir='ltr'>C.</span> <span class='ocrx_word' id='word_1_129' title='bbox 518 1995 650 2056; x_wconf 82' lang='lat' dir='ltr'>Fimbria</span> <span class='ocrx_word' id='word_1_130' title='bbox 674 1996 849 2070; x_wconf 81' lang='lat' dir='ltr'>temporibus</span> <span class='ocrx_word' id='word_1_131' title='bbox 877 1995 994 2052; x_wconf 78' lang='lat' dir='ltr'>iisdem·</span> <span class='ocrx_word' id='word_1_132' title='bbox 1009 1995 1081 2062; x_wconf 86' lang='lat' dir='ltr'>lere,</span> 
     </span>
    </p>
   </div>
   <div class='ocr_carea' id='block_1_3' title="bbox 208 2093 1083 2366">
    <p class='ocr_par' dir='ltr' id='par_1_3' title="bbox 208 2093 1083 2366">
     <span class='ocr_line' id='line_1_19' title="bbox 209 2093 1083 2172; baseline 0 -20"><span class='ocrx_word' id='word_1_133' title='bbox 209 2095 260 2152; x_wconf 83' lang='lat' dir='ltr'>sed</span> <span class='ocrx_word' id='word_1_134' title='bbox 283 2097 396 2170; x_wconf 76' lang='lat' dir='ltr'>longius</span> <span class='ocrx_word' id='word_1_135' title='bbox 420 2099 516 2152; x_wconf 86' lang='lat' dir='ltr'>aetate</span> <span class='ocrx_word' id='word_1_136' title='bbox 541 2101 710 2169; x_wconf 87' lang='lat' dir='ltr'>provectus,</span> <span class='ocrx_word' id='word_1_137' title='bbox 731 2095 847 2152; x_wconf 87' lang='lat' dir='ltr'>habitus</span> <span class='ocrx_word' id='word_1_138' title='bbox 867 2101 912 2152; x_wconf 86' lang='lat' dir='ltr'>est</span> <span class='ocrx_word' id='word_1_139' title='bbox 925 2112 995 2152; x_wconf 88' lang='lat' dir='ltr'>sane</span> <span class='ocrx_word' id='word_1_140' title='bbox 1009 2093 1083 2172; x_wconf 83' lang='lat' dir='ltr'>⁸¹(ut</span> 
     </span>
     <span class='ocr_line' id='line_1_20' title="bbox 208 2189 1083 2268; baseline 0.002 -20"><span class='ocrx_word' id='word_1_141' title='bbox 208 2191 251 2249; x_wconf 80' lang='lat' dir='ltr'>ita</span> <span class='ocrx_word' id='word_1_142' title='bbox 264 2189 374 2267; x_wconf 85' lang='lat' dir='ltr'>dicem)</span> <span class='ocrx_word' id='word_1_143' title='bbox 387 2192 552 2248; x_wconf 86' lang='lat' dir='ltr'>luculentus</span> <span class='ocrx_word' id='word_1_144' title='bbox 571 2198 718 2265; x_wconf 90' lang='lat' dir='ltr'>patronus,</span> <span class='ocrx_word' id='word_1_145' title='bbox 739 2210 831 2266; x_wconf 87' lang='lat' dir='ltr'>asper,</span> <span class='ocrx_word' id='word_1_146' title='bbox 856 2193 1023 2261; x_wconf 87' lang='lat' dir='ltr'>maledicus,</span> <span class='ocrx_word' id='word_1_147' title='bbox 1033 2211 1083 2268; x_wconf 79' lang='lat' dir='ltr'>ge-</span> 
     </span>
     <span class='ocr_line' id='line_1_21' title="bbox 208 2287 1083 2366; baseline 0.003 -20"><span class='ocrx_word' id='word_1_148' title='bbox 208 2305 278 2346; x_wconf 89' lang='lat' dir='ltr'>nere</span> <span class='ocrx_word' id='word_1_149' title='bbox 291 2291 355 2345; x_wconf 85' lang='lat' dir='ltr'>toto</span> <span class='ocrx_word' id='word_1_150' title='bbox 365 2289 463 2362; x_wconf 84' lang='lat' dir='ltr'>paullo</span> <span class='ocrx_word' id='word_1_151' title='bbox 476 2287 624 2357; x_wconf 85' lang='lat' dir='ltr'>fervidior,</span> <span class='ocrx_word' id='word_1_152' title='bbox 645 2295 732 2364; x_wconf 90' lang='lat' dir='ltr'>atque</span> <span class='ocrx_word' id='word_1_153' title='bbox 752 2291 938 2349; x_wconf 87' lang='lat' dir='ltr'>commotior:</span> <span class='ocrx_word' id='word_1_154' title='bbox 959 2291 1083 2366; x_wconf 83' lang='lat' dir='ltr'>diligen-</span> 
     </span>
    </p>
   </div>
   <div class='ocr_carea' id='block_1_4' title="bbox 208 2387 1082 2466">
    <p class='ocr_par' dir='ltr' id='par_1_4' title="bbox 208 2387 1082 2466">
     <span class='ocr_line' id='line_1_22' title="bbox 208 2387 1082 2466; baseline 0.009 -22"><span class='ocrx_word' id='word_1_155' title='bbox 208 2387 251 2446; x_wconf 84' lang='lat' dir='ltr'>tia</span> <span class='ocrx_word' id='word_1_156' title='bbox 263 2393 371 2458; x_wconf 87' lang='lat' dir='ltr'>tamen,</span> <span class='ocrx_word' id='word_1_157' title='bbox 389 2395 419 2446; x_wconf 89' lang='lat' dir='ltr'>et</span> <span class='ocrx_word' id='word_1_158' title='bbox 434 2387 539 2446; x_wconf 86' lang='lat' dir='ltr'>virtute</span> <span class='ocrx_word' id='word_1_159' title='bbox 560 2389 661 2458; x_wconf 90' lang='lat' dir='ltr'>animi,</span> <span class='ocrx_word' id='word_1_160' title='bbox 682 2396 768 2466; x_wconf 87' lang='lat' dir='ltr'>atque</span> <span class='ocrx_word' id='word_1_161' title='bbox 781 2393 855 2460; x_wconf 81' lang='lat' dir='ltr'>vita,</span> <span class='ocrx_word' id='word_1_162' title='bbox 874 2394 966 2451; x_wconf 90' lang='lat' dir='ltr'>honus</span> <span class='ocrx_word' id='word_1_163' title='bbox 978 2399 1082 2454; x_wconf 88' lang='lat' dir='ltr'>auctor</span> 
     </span>
    </p>
   </div>
   <div class='ocr_carea' id='block_1_5' title="bbox 207 2541 1079 2840">
    <p class='ocr_par' dir='ltr' id='par_1_5' title="bbox 207 2541 1079 2840">
     <span class='ocr_line' id='line_1_23' title="bbox 237 2541 1078 2606; baseline 0.007 -18"><span class='ocrx_word' id='word_1_164' title='bbox 237 2541 259 2576; x_wconf 77' lang='lat'>⁸⁰</span> <span class='ocrx_word' id='word_1_165' title='bbox 272 2541 383 2590; x_wconf 75' lang='lat' dir='ltr'>inuidioso</span> <span class='ocrx_word' id='word_1_166' title='bbox 393 2544 440 2602; x_wconf 80' lang='lat' dir='ltr'>lege</span> <span class='ocrx_word' id='word_1_167' title='bbox 449 2543 554 2590; x_wconf 80' lang='lat' dir='ltr'>Morm‘la‘n</span> <span class='ocrx_word' id='word_1_168' title='bbox 564 2543 677 2606; x_wconf 67' lang='lat' dir='ltr'>plumbo]</span> <span class='ocrx_word' id='word_1_169' title='bbox 701 2544 805 2598; x_wconf 76' lang='lat' dir='ltr'>Quaestio</span> <span class='ocrx_word' id='word_1_170' title='bbox 813 2546 868 2594; x_wconf 87' lang='lat' dir='ltr'>mihi</span> <span class='ocrx_word' id='word_1_171' title='bbox 877 2547 973 2594; x_wconf 80' lang='lat' dir='ltr'>delenda</span> <span class='ocrx_word' id='word_1_172' title='bbox 981 2546 1078 2594; x_wconf 87' lang='lat' dir='ltr'>videtur.</span> 
     </span>
     <span class='ocr_line' id='line_1_24' title="bbox 208 2602 1079 2666; baseline 0.005 -16"><span class='ocrx_word' id='word_1_173' title='bbox 208 2615 261 2650; x_wconf 82' lang='lat' dir='ltr'>uam</span> <span class='ocrx_word' id='word_1_174' title='bbox 270 2602 425 2658; x_wconf 84' lang='lat' dir='ltr'>nominativus,</span> <span class='ocrx_word' id='word_1_175' title='bbox 435 2603 494 2648; x_wconf 82' lang='lat' dir='ltr'>unde</span> <span class='ocrx_word' id='word_1_176' title='bbox 504 2603 579 2649; x_wconf 84' lang='lat' dir='ltr'>omnia</span> <span class='ocrx_word' id='word_1_177' title='bbox 587 2603 695 2664; x_wconf 88' lang='lat' dir='ltr'>pendent,</span> <span class='ocrx_word' id='word_1_178' title='bbox 705 2611 739 2650; x_wconf 83' lang='lat' dir='ltr'>est</span> <span class='ocrx_word' id='word_1_179' title='bbox 744 2605 839 2666; x_wconf 79' lang='lat' dir='ltr'>judicer.</span> <span class='ocrx_word' id='word_1_180' title='bbox 871 2605 946 2653; x_wconf 90' lang='lat' dir='ltr'>Unum</span> <span class='ocrx_word' id='word_1_181' title='bbox 956 2607 1079 2654; x_wconf 83' lang='lat' dir='ltr'>remedium</span> 
     </span>
     <span class='ocr_line' id='line_1_25' title="bbox 207 2659 1078 2726; baseline 0.003 -19"><span class='ocrx_word' id='word_1_182' title='bbox 207 2665 249 2726; x_wconf 71' lang='lat' dir='ltr'>est,</span> <span class='ocrx_word' id='word_1_183' title='bbox 260 2660 278 2707; x_wconf 84' lang='lat' dir='ltr'>si</span> <span class='ocrx_word' id='word_1_184' title='bbox 327 2661 481 2707; x_wconf 69' lang='lat' dir='ltr'>incerdotum</span> <span class='ocrx_word' id='word_1_185' title='bbox 491 2659 600 2720; x_wconf 77' lang='lat' dir='ltr'>intelligas</span> <span class='ocrx_word' id='word_1_186' title='bbox 609 2663 701 2709; x_wconf 71' lang='lat' dir='ltr'>sarmit</span> <span class='ocrx_word' id='word_1_187' title='bbox 718 2679 745 2709; x_wconf 85' lang='lat' dir='ltr'>ex</span> <span class='ocrx_word' id='word_1_188' title='bbox 760 2664 839 2709; x_wconf 90' lang='lat' dir='ltr'>ultimo</span> <span class='ocrx_word' id='word_1_189' title='bbox 854 2667 1004 2712; x_wconf 77' lang='lat' dir='ltr'>sustulerunt:</span> <span class='ocrx_word' id='word_1_190' title='bbox 1019 2665 1078 2726; x_wconf 91' lang='lat' dir='ltr'>quod</span> 
     </span>
     <span class='ocr_line' id='line_1_26' title="bbox 207 2720 1079 2784; baseline 0.003 -17"><span class='ocrx_word' id='word_1_191' title='bbox 207 2732 294 2767; x_wconf 85' lang='lat' dir='ltr'>csssva</span> <span class='ocrx_word' id='word_1_192' title='bbox 303 2720 332 2766; x_wconf 89' lang='lat' dir='ltr'>de</span> <span class='ocrx_word' id='word_1_193' title='bbox 341 2720 428 2776; x_wconf 80' lang='lat' dir='ltr'>durum,</span> <span class='ocrx_word' id='word_1_194' title='bbox 445 2735 521 2768; x_wconf 85' lang='lat' dir='ltr'>omnes</span> <span class='ocrx_word' id='word_1_195' title='bbox 536 2721 620 2767; x_wconf 85' lang='lat' dir='ltr'>vident.</span> <span class='ocrx_word' id='word_1_196' title='bbox 652 2722 796 2784; x_wconf 78' lang='lat' dir='ltr'>Adscripturn</span> <span class='ocrx_word' id='word_1_197' title='bbox 813 2722 855 2769; x_wconf 88' lang='lat' dir='ltr'>luit</span> <span class='ocrx_word' id='word_1_198' title='bbox 874 2724 897 2769; x_wconf 90' lang='lat' dir='ltr'>in</span> <span class='ocrx_word' id='word_1_199' title='bbox 914 2725 1020 2782; x_wconf 80' lang='lat' dir='ltr'>margine,</span> <span class='ocrx_word' id='word_1_200' title='bbox 1037 2727 1079 2770; x_wconf 81' lang='lat' dir='ltr'>aut</span> 
     </span>
     <span class='ocr_line' id='line_1_27' title="bbox 207 2779 1032 2840; baseline 0.001 -13"><span class='ocrx_word' id='word_1_201' title='bbox 207 2779 263 2828; x_wconf 81' lang='lat' dir='ltr'>inter</span> <span class='ocrx_word' id='word_1_202' title='bbox 276 2779 353 2837; x_wconf 83' lang='lat' dir='ltr'>lineas,</span> <span class='ocrx_word' id='word_1_203' title='bbox 363 2779 471 2840; x_wconf 68' lang='lat' dir='ltr'>pmmtr&#39;o:</span> <span class='ocrx_word' id='word_1_204' title='bbox 486 2779 537 2826; x_wconf 89' lang='lat' dir='ltr'>inde</span> <span class='ocrx_word' id='word_1_205' title='bbox 550 2780 575 2826; x_wconf 90' lang='lat' dir='ltr'>in</span> <span class='ocrx_word' id='word_1_206' title='bbox 585 2784 670 2827; x_wconf 82' lang='lat' dir='ltr'>tentum</span> <span class='ocrx_word' id='word_1_207' title='bbox 679 2781 748 2828; x_wconf 86' lang='lat' dir='ltr'>venit.</span> <span class='ocrx_word' id='word_1_208' title='bbox 782 2782 870 2828; x_wconf 86' lang='lat' dir='ltr'>luterea</span> <span class='ocrx_word' id='word_1_209' title='bbox 878 2782 939 2828; x_wconf 87' lang='lat' dir='ltr'>nucis</span> <span class='ocrx_word' id='word_1_210' title='bbox 948 2781 1032 2829; x_wconf 73' lang='lat' dir='ltr'>inclusi</span> 
     </span>
    </p>
   </div>
   <div class='ocr_carea' id='block_1_6' title="bbox 206 2858 1077 3626">
    <p class='ocr_par' dir='ltr' id='par_1_6' title="bbox 206 2858 1077 3194">
     <span class='ocr_line' id='line_1_28' title="bbox 236 2858 1077 2922; baseline 0.001 -16"><span class='ocrx_word' id='word_1_211' title='bbox 236 2859 255 2892; x_wconf 79' lang='lat'>⁸¹</span> <span class='ocrx_word' id='word_1_212' title='bbox 271 2859 429 2914; x_wconf 77' lang='lat' dir='ltr'>utitodirom,</span> <span class='ocrx_word' id='word_1_213' title='bbox 448 2859 493 2906; x_wconf 86' lang='lat' dir='ltr'>luc.</span> <span class='ocrx_word' id='word_1_214' title='bbox 510 2859 579 2920; x_wconf 64' lang='lat' dir='ltr'>para]</span> <span class='ocrx_word' id='word_1_215' title='bbox 609 2858 731 2905; x_wconf 82' lang='lat' dir='ltr'>Vavasrcri</span> <span class='ocrx_word' id='word_1_216' title='bbox 748 2875 783 2906; x_wconf 90' lang='lat' dir='ltr'>sus</span> <span class='ocrx_word' id='word_1_217' title='bbox 799 2865 859 2906; x_wconf 87' lang='lat' dir='ltr'>ectus</span> <span class='ocrx_word' id='word_1_218' title='bbox 878 2865 912 2906; x_wconf 88' lang='lat' dir='ltr'>est</span> <span class='ocrx_word' id='word_1_219' title='bbox 930 2861 996 2916; x_wconf 79' lang='lat' dir='ltr'>lorus,</span> <span class='ocrx_word' id='word_1_220' title='bbox 1017 2859 1077 2922; x_wconf 91' lang='lat' dir='ltr'>quod</span> 
     </span>
     <span class='ocr_line' id='line_1_29' title="bbox 206 2874 1077 2979; baseline 0.001 -15"><span class='ocrx_word' id='word_1_221' title='bbox 206 2903 269 2964; x_wconf 77' lang='lat' dir='ltr'>inira</span> <span class='ocrx_word' id='word_1_222' title='bbox 279 2919 337 2964; x_wconf 89' lang='lat' dir='ltr'>ratio</span> <span class='ocrx_word' id='word_1_223' title='bbox 347 2918 382 2974; x_wconf 87' lang='lat' dir='ltr'>sit,</span> <span class='ocrx_word' id='word_1_224' title='bbox 399 2933 468 2979; x_wconf 79' lang='lat' dir='ltr'>quare</span> <span class='ocrx_word' id='word_1_225' title='bbox 476 2919 578 2974; x_wconf 82' lang='lat' dir='ltr'>addatur,</span> <span class='ocrx_word' id='word_1_226' title='bbox 588 2922 615 2965; x_wconf 84' lang='lat' dir='ltr'>ut</span> <span class='ocrx_word' id='word_1_227' title='bbox 623 2919 656 2964; x_wconf 83' lang='lat' dir='ltr'>ilo</span> <span class='ocrx_word' id='word_1_228' title='bbox 665 2918 744 2964; x_wconf 68' lang='lat' dir='ltr'>dmum.</span> <span class='ocrx_word' id='word_1_229' title='bbox 777 2874 821 2965; x_wconf 52' lang='lat' dir='ltr'>§ed</span> <span class='ocrx_word' id='word_1_230' title='bbox 832 2919 874 2965; x_wconf 89' lang='lat' dir='ltr'>hoc</span> <span class='ocrx_word' id='word_1_231' title='bbox 884 2918 934 2965; x_wconf 78' lang='lat' dir='ltr'>lev&#39;e</span> <span class='ocrx_word' id='word_1_232' title='bbox 943 2924 990 2966; x_wconf 87' lang='lat' dir='ltr'>est:</span> <span class='ocrx_word' id='word_1_233' title='bbox 1007 2920 1077 2965; x_wconf 80' lang='lat' dir='ltr'>emol·</span> 
     </span>
     <span class='ocr_line' id='line_1_30' title="bbox 207 2976 1077 3038; baseline 0.003 -17"><span class='ocrx_word' id='word_1_234' title='bbox 207 2976 235 3021; x_wconf 84' lang='lat' dir='ltr'>lit</span> <span class='ocrx_word' id='word_1_235' title='bbox 244 2981 332 3036; x_wconf 87' lang='lat' dir='ltr'>tropum</span> <span class='ocrx_word' id='word_1_236' title='bbox 341 2977 364 3021; x_wconf 86' lang='lat' dir='ltr'>iu</span> <span class='ocrx_word' id='word_1_237' title='bbox 375 2978 511 3032; x_wconf 71' lang='lat' dir='ltr'>lucidentur,</span> <span class='ocrx_word' id='word_1_238' title='bbox 528 2980 554 3022; x_wconf 92' lang='lat' dir='ltr'>ut</span> <span class='ocrx_word' id='word_1_239' title='bbox 563 2991 629 3038; x_wconf 86' lang='lat' dir='ltr'>supra</span> <span class='ocrx_word' id='word_1_240' title='bbox 641 2977 664 3022; x_wconf 89' lang='lat' dir='ltr'>in</span> <span class='ocrx_word' id='word_1_241' title='bbox 672 2976 795 3033; x_wconf 78' lang='lat' dir='ltr'>pugrsocicr</span> <span class='ocrx_word' id='word_1_242' title='bbox 805 2993 824 3022; x_wconf 91' lang='lat' dir='ltr'>c.</span> <span class='ocrx_word' id='word_1_243' title='bbox 836 2981 871 3024; x_wconf 83' lang='lat'>31.</span> <span class='ocrx_word' id='word_1_244' title='bbox 884 2984 941 3024; x_wconf 84' lang='lat' dir='ltr'>extr.</span> <span class='ocrx_word' id='word_1_245' title='bbox 972 2977 1077 3024; x_wconf 84' lang='lat' dir='ltr'>Vicissim</span> 
     </span>
     <span class='ocr_line' id='line_1_31' title="bbox 206 3033 1075 3140; baseline 0.003 -61"><span class='ocrx_word' id='word_1_246' title='bbox 206 3033 288 3091; x_wconf 78' lang='lat' dir='ltr'>Pighio</span> <span class='ocrx_word' id='word_1_247' title='bbox 297 3037 321 3078; x_wconf 89' lang='lat' dir='ltr'>et</span> <span class='ocrx_word' id='word_1_248' title='bbox 330 3034 428 3081; x_wconf 86' lang='lat' dir='ltr'>Grutero</span> <span class='ocrx_word' id='word_1_249' title='bbox 436 3037 561 3094; x_wconf 85' lang='lat' dir='ltr'>suspectum</span> <span class='ocrx_word' id='word_1_250' title='bbox 570 3041 604 3080; x_wconf 86' lang='lat' dir='ltr'>est</span> <span class='ocrx_word' id='word_1_251' title='bbox 618 3035 695 3096; x_wconf 84' lang='lat' dir='ltr'>paullo</span> <span class='ocrx_word' id='word_1_252' title='bbox 705 3039 754 3140; x_wconf 43' lang='lat' dir='ltr'>{ost</span> <span class='ocrx_word' id='word_1_253' title='bbox 763 3036 882 3083; x_wconf 71' lang='lat' dir='ltr'>btmodttis</span> <span class='ocrx_word' id='word_1_254' title='bbox 889 3041 1004 3094; x_wconf 77' lang='lat' dir='ltr'>patronus,</span> <span class='ocrx_word' id='word_1_255' title='bbox 1037 3037 1075 3083; x_wconf 84' lang='lat' dir='ltr'>uia</span> 
     </span>
     <span class='ocr_line' id='line_1_32' title="bbox 206 3091 1072 3194; baseline 0.008 -59"><span class='ocrx_word' id='word_1_256' title='bbox 206 3091 285 3194; x_wconf 51' lang='lat' dir='ltr'>ffiullo</span> <span class='ocrx_word' id='word_1_257' title='bbox 301 3096 353 3137; x_wconf 85' lang='lat' dir='ltr'>ante</span> <span class='ocrx_word' id='word_1_258' title='bbox 369 3105 447 3137; x_wconf 87' lang='lat' dir='ltr'>nomen</span> <span class='ocrx_word' id='word_1_259' title='bbox 462 3092 550 3152; x_wconf 87' lang='lat' dir='ltr'>patroni</span> <span class='ocrx_word' id='word_1_260' title='bbox 567 3095 673 3140; x_wconf 85' lang='lat' dir='ltr'>occurrit.</span> <span class='ocrx_word' id='word_1_261' title='bbox 716 3093 799 3152; x_wconf 67' lang='lat' dir='ltr'>*gotie</span> <span class='ocrx_word' id='word_1_262' title='bbox 809 3095 864 3142; x_wconf 85' lang='lat' dir='ltr'>nihil</span> <span class='ocrx_word' id='word_1_263' title='bbox 874 3094 923 3140; x_wconf 90' lang='lat' dir='ltr'>vitii</span> <span class='ocrx_word' id='word_1_264' title='bbox 933 3109 1003 3142; x_wconf 83' lang='lat' dir='ltr'>essee</span> <span class='ocrx_word' id='word_1_265' title='bbox 1044 3109 1072 3142; x_wconf 89' lang='lat' dir='ltr'>o:</span> 
     </span>
    </p>

    <p class='ocr_par' dir='ltr' id='par_1_7' title="bbox 206 3150 1075 3626">
     <span class='ocr_line' id='line_1_33' title="bbox 232 3150 1075 3215; baseline 0.007 -21"><span class='ocrx_word' id='word_1_266' title='bbox 232 3164 275 3194; x_wconf 79' lang='lat' dir='ltr'>uus</span> <span class='ocrx_word' id='word_1_267' title='bbox 290 3150 501 3206; x_wconf 62' lang='lat' dir='ltr'>nestorianarum</span> <span class='ocrx_word' id='word_1_268' title='bbox 515 3150 574 3197; x_wconf 69' lang='grc' dir='ltr'>ι’άεπι</span> <span class='ocrx_word' id='word_1_269' title='bbox 592 3152 711 3199; x_wconf 81' lang='lat' dir='ltr'>tolerabitis</span> <span class='ocrx_word' id='word_1_270' title='bbox 725 3157 846 3210; x_wconf 74' lang='lat' dir='ltr'>parrooos5</span> <span class='ocrx_word' id='word_1_271' title='bbox 860 3167 912 3200; x_wconf 87' lang='lat' dir='ltr'>nam</span> <span class='ocrx_word' id='word_1_272' title='bbox 921 3153 1075 3215; x_wconf 86' lang='lat' dir='ltr'>sicinterpun-</span> 
     </span>
     <span class='ocr_line' id='line_1_34' title="bbox 206 3206 1073 3283; baseline 0.008 -30"><span class='ocrx_word' id='word_1_273' title='bbox 206 3208 309 3278; x_wconf 71' lang='lat' dir='ltr'>gendum.</span> <span class='ocrx_word' id='word_1_274' title='bbox 340 3209 384 3254; x_wconf 78' lang='lat' dir='ltr'>Sed</span> <span class='ocrx_word' id='word_1_275' title='bbox 400 3206 422 3253; x_wconf 90' lang='lat' dir='ltr'>in</span> <span class='ocrx_word' id='word_1_276' title='bbox 439 3206 511 3278; x_wconf 73' lang='lat' dir='ltr'>primo</span> <span class='ocrx_word' id='word_1_277' title='bbox 520 3209 570 3255; x_wconf 92' lang='lat' dir='ltr'>loco</span> <span class='ocrx_word' id='word_1_278' title='bbox 583 3214 689 3266; x_wconf 84' lang='lat' dir='ltr'>prrtronur</span> <span class='ocrx_word' id='word_1_279' title='bbox 705 3212 823 3258; x_wconf 85' lang='lat' dir='ltr'>delendum</span> <span class='ocrx_word' id='word_1_280' title='bbox 832 3217 873 3268; x_wconf 85' lang='lat' dir='ltr'>cst,</span> <span class='ocrx_word' id='word_1_281' title='bbox 891 3213 950 3282; x_wconf 75' lang='lat' dir='ltr'>quod</span> <span class='ocrx_word' id='word_1_282' title='bbox 959 3226 987 3258; x_wconf 84' lang='lat' dir='ltr'>ex</span> <span class='ocrx_word' id='word_1_283' title='bbox 996 3213 1073 3283; x_wconf 83' lang='lat' dir='ltr'>inepta</span> 
     </span>
     <span class='ocr_line' id='line_1_35' title="bbox 207 3269 1075 3331; baseline 0.009 -21"><span class='ocrx_word' id='word_1_284' title='bbox 207 3269 484 3324; x_wconf 75' lang='lat' dir='ltr'>gloasurnterrlumvenrt:</span> <span class='ocrx_word' id='word_1_285' title='bbox 501 3274 606 3329; x_wconf 81' lang='lat' dir='ltr'>patrunus</span> <span class='ocrx_word' id='word_1_286' title='bbox 622 3271 693 3330; x_wconf 86' lang='lat' dir='ltr'>qualis</span> <span class='ocrx_word' id='word_1_287' title='bbox 707 3271 782 3325; x_wconf 79' lang='lat' dir='ltr'>fuerit,</span> <span class='ocrx_word' id='word_1_288' title='bbox 800 3271 946 3331; x_wconf 85' lang='lat' dir='ltr'>postdicrtur.</span> <span class='ocrx_word' id='word_1_289' title='bbox 978 3272 1075 3318; x_wconf 77' lang='lat' dir='ltr'>Sedula</span> 
     </span>
     <span class='ocr_line' id='line_1_36' title="bbox 207 3325 1075 3392; baseline 0.008 -22"><span class='ocrx_word' id='word_1_290' title='bbox 207 3325 280 3384; x_wconf 72' lang='lat' dir='ltr'>glossa</span> <span class='ocrx_word' id='word_1_291' title='bbox 289 3325 312 3371; x_wconf 91' lang='lat' dir='ltr'>in</span> <span class='ocrx_word' id='word_1_292' title='bbox 321 3328 405 3371; x_wconf 84' lang='lat' dir='ltr'>textum</span> <span class='ocrx_word' id='word_1_293' title='bbox 411 3325 477 3371; x_wconf 86' lang='lat' dir='ltr'>illata</span> <span class='ocrx_word' id='word_1_294' title='bbox 485 3326 579 3386; x_wconf 82' lang='lat' dir='ltr'>peperit,</span> <span class='ocrx_word' id='word_1_295' title='bbox 585 3331 611 3372; x_wconf 90' lang='lat' dir='ltr'>ut</span> <span class='ocrx_word' id='word_1_296' title='bbox 618 3327 714 3375; x_wconf 85' lang='lat' dir='ltr'>arbitror</span> <span class='ocrx_word' id='word_1_297' title='bbox 722 3331 863 3377; x_wconf 74' lang='lat' dir='ltr'>lutulentam:</span> <span class='ocrx_word' id='word_1_298' title='bbox 873 3331 932 3392; x_wconf 90' lang='lat' dir='ltr'>quod</span> <span class='ocrx_word' id='word_1_299' title='bbox 941 3331 970 3376; x_wconf 87' lang='lat' dir='ltr'>de</span> <span class='ocrx_word' id='word_1_300' title='bbox 979 3334 1075 3392; x_wconf 84' lang='lat' dir='ltr'>patrono</span> 
     </span>
     <span class='ocr_line' id='line_1_37' title="bbox 207 3383 1072 3446; baseline 0.005 -16"><span class='ocrx_word' id='word_1_301' title='bbox 207 3384 323 3430; x_wconf 79' lang='lat' dir='ltr'>commode</span> <span class='ocrx_word' id='word_1_302' title='bbox 336 3383 424 3440; x_wconf 88' lang='lat' dir='ltr'>dicibrr,</span> <span class='ocrx_word' id='word_1_303' title='bbox 433 3385 472 3430; x_wconf 87' lang='lat' dir='ltr'>sed</span> <span class='ocrx_word' id='word_1_304' title='bbox 481 3399 525 3430; x_wconf 91' lang='lat' dir='ltr'>non</span> <span class='ocrx_word' id='word_1_305' title='bbox 535 3385 563 3430; x_wconf 90' lang='lat' dir='ltr'>de</span> <span class='ocrx_word' id='word_1_306' title='bbox 569 3399 670 3445; x_wconf 84' lang='lat' dir='ltr'>persona,</span> <span class='ocrx_word' id='word_1_307' title='bbox 680 3392 706 3433; x_wconf 89' lang='lat' dir='ltr'>ut</span> <span class='ocrx_word' id='word_1_308' title='bbox 715 3393 796 3445; x_wconf 86' lang='lat' dir='ltr'>cetera,</span> <span class='ocrx_word' id='word_1_309' title='bbox 805 3403 875 3446; x_wconf 80' lang='lat' dir='ltr'>caper,</span> <span class='ocrx_word' id='word_1_310' title='bbox 885 3389 1012 3445; x_wconf 75' lang='lat' dir='ltr'>ombda&#39;cus,</span> <span class='ocrx_word' id='word_1_311' title='bbox 1028 3394 1072 3434; x_wconf 71' lang='lat' dir='ltr'>etc</span> 
     </span>
     <span class='ocr_line' id='line_1_38' title="bbox 208 3441 1075 3505; baseline 0.007 -17"><span class='ocrx_word' id='word_1_312' title='bbox 208 3444 317 3505; x_wconf 76' lang='lat' dir='ltr'>modoque</span> <span class='ocrx_word' id='word_1_313' title='bbox 332 3441 461 3488; x_wconf 81' lang='lat' dir='ltr'>Ciceronem</span> <span class='ocrx_word' id='word_1_314' title='bbox 477 3443 595 3502; x_wconf 82' lang='lat' dir='ltr'>scripsisse,</span> <span class='ocrx_word' id='word_1_315' title='bbox 610 3443 699 3493; x_wconf 76' lang='lat' dir='ltr'>dubitus</span> <span class='ocrx_word' id='word_1_316' title='bbox 709 3451 740 3492; x_wconf 80' lang='lat' dir='ltr'>est</span> <span class='ocrx_word' id='word_1_317' title='bbox 756 3462 815 3502; x_wconf 65' lang='lat' dir='ltr'>suaa</span> <span class='ocrx_word' id='word_1_318' title='bbox 831 3452 857 3495; x_wconf 83' lang='lat' dir='ltr'>ut</span> <span class='ocrx_word' id='word_1_319' title='bbox 866 3449 898 3493; x_wconf 81' lang='lat' dir='ltr'>ito</span> <span class='ocrx_word' id='word_1_320' title='bbox 907 3447 987 3500; x_wconf 74' lang='lat' dir='ltr'>dimna</span> <span class='ocrx_word' id='word_1_321' title='bbox 998 3453 1075 3494; x_wconf 73' lang='lat' dir='ltr'>enses·</span> 
     </span>
     <span class='ocr_line' id='line_1_39' title="bbox 208 3501 1075 3576; baseline 0.005 -27"><span class='ocrx_word' id='word_1_322' title='bbox 208 3501 295 3552; x_wconf 67' lang='lat' dir='ltr'>butes:</span> <span class='ocrx_word' id='word_1_323' title='bbox 324 3502 457 3550; x_wconf 82' lang='lat' dir='ltr'>uod-ceteris</span> <span class='ocrx_word' id='word_1_324' title='bbox 473 3502 557 3562; x_wconf 84' lang='lat' dir='ltr'>optime</span> <span class='ocrx_word' id='word_1_325' title='bbox 574 3503 684 3558; x_wconf 82' lang='lat' dir='ltr'>convenit,</span> <span class='ocrx_word' id='word_1_326' title='bbox 702 3511 725 3551; x_wconf 86' lang='lat' dir='ltr'>et</span> <span class='ocrx_word' id='word_1_327' title='bbox 740 3506 791 3576; x_wconf 75' lang='lat' dir='ltr'>quia</span> <span class='ocrx_word' id='word_1_328' title='bbox 800 3506 891 3568; x_wconf 85' lang='lat' dir='ltr'>proprie</span> <span class='ocrx_word' id='word_1_329' title='bbox 899 3507 929 3552; x_wconf 88' lang='lat' dir='ltr'>de</span> <span class='ocrx_word' id='word_1_330' title='bbox 938 3505 1075 3558; x_wconf 60' lang='lat' dir='ltr'>sensibilium</span> 
     </span>
     <span class='ocr_line' id='line_1_40' title="bbox 215 3558 1004 3626; baseline 0.008 -19"><span class='ocrx_word' id='word_1_331' title='bbox 215 3558 298 3625; x_wconf 66' lang='lat' dir='ltr'>¹icitur,</span> <span class='ocrx_word' id='word_1_332' title='bbox 345 3560 423 3612; x_wconf 80' lang='lat' dir='ltr'>mutu</span> <span class='ocrx_word' id='word_1_333' title='bbox 431 3559 483 3613; x_wconf 84' lang='lat' dir='ltr'>orie</span> <span class='ocrx_word' id='word_1_334' title='bbox 500 3565 620 3624; x_wconf 78' lang='lat' dir='ltr'>propterea</span> <span class='ocrx_word' id='word_1_335' title='bbox 628 3561 742 3622; x_wconf 74' lang='lat' dir='ltr'>indigebat</span> <span class='ocrx_word' id='word_1_336' title='bbox 751 3565 791 3614; x_wconf 85' lang='lat' dir='ltr'>rlla</span> <span class='ocrx_word' id='word_1_337' title='bbox 800 3565 944 3626; x_wconf 78' lang='lat' dir='ltr'>emollitioue.</span> <span class='ocrx_word' id='word_1_338' title='bbox 1001 3613 1004 3620; x_wconf 83' lang='grc'><em>,</em></span> 
     </span>
    </p>
   </div>
   <div class='ocr_carea' id='block_1_7' title="bbox 0 0 1242 4188">
    <p class='ocr_par' dir='ltr' id='par_1_8' title="bbox 0 0 1242 4188">
     <span class='ocr_line' id='line_1_41' title="bbox 0 0 1242 4188; baseline 0 4"><span class='ocrx_word' id='word_1_339' title='bbox 0 0 1242 4188; x_wconf 95' lang='lat' dir='ltr'> </span> 
     </span>
    </p>
   </div>
  </div>
 </body>
</html>
