2460 4184
248 309 309 370 too
609 291 744 344 saurus.

244 427 410 514 omittamus
423 446 530 520 lugere,
552 447 582 502 et
603 446 726 508 tantum,
744 436 814 514 quid
837 433 957 512 quisque
985 433 1116 514 dinemo

189 565 233 626 ῃ
244 545 379 622 potuerit,
392 541 540 621 (quoniam
553 541 584 598 id
594 533 780 614 quaerimus)
794 535 1006 610 praedicemus.
1040 533 1117 590 Sunt

245 645 334 702 etiam
345 661 382 702 ex
396 641 440 708 iis,
454 639 612 714 quieodem
627 639 704 694 bello
722 634 902 699 occiderunt,
917 631 960 687 Μ.
982 630 1115 696 Bibulus,

245 742 294 816 qui
305 745 334 798 et
345 737 521 811 scriptitavit
534 739 679 802 accurate,
692 751 759 792 cum
778 730 949 806 praesertim
962 746 1025 787 non
1038 735 1116 786 esset

244 843 347 905 orator,
370 841 399 892 et
422 835 483 909 egit
506 835 597 891 multa
619 835 805 890 constanter:
828 827 942 902 Appius
965 827 1114 894 Claudius,

245 954 327 1006 socer
338 941 411 1003 tuus,
424 935 541 1006 collega
554 935 583 988 et
592 929 741 988 familiaris
749 945 847 995 meus;
868 926 916 982 bic
925 925 989 998 jam
998 929 1030 982 et
1043 923 1114 981 satis

245 1034 397 1101 studiosus,
410 1037 440 1089 et
455 1032 540 1088 valde
551 1046 619 1086 cum
631 1029 742 1093 doctus,
755 1030 817 1082 tum
830 1024 920 1082 etiam
933 1023 1112 1080 exercitatus

245 1139 349 1200 orator,
360 1135 391 1188 et
403 1148 470 1187 cum
484 1127 635 1202 auguralis,
658 1131 719 1182 tum
738 1122 832 1182 omnis
845 1121 955 1196 publici
967 1120 1052 1194 juris,
1066 1137 1115 1176 an·

246 1230 440 1304 tiquitatisque
465 1232 580 1284 nostrae
594 1227 668 1282 bene
683 1221 799 1296 peritus
814 1220 876 1277 luit
915 1220 952 1278 L.
968 1217 1115 1276 Domitius

244 1329 326 1384 nulla
337 1327 389 1386 ille
402 1325 518 1398 quidem
530 1327 601 1390 arte,
613 1322 664 1378 sed
675 1319 766 1376 latine
780 1323 887 1386 tamen,
902 1322 932 1374 et
942 1319 1033 1374 multa
1046 1332 1113 1372 cum

244 1424 377 1482 libertate
391 1422 517 1478 dicebat.
558 1421 626 1477 Duo
639 1421 788 1492 praeterea
801 1415 921 1473 Lentuli
934 1416 1111 1480 consulares,

244 1538 363 1596 quorum
377 1519 496 1578 Publius
510 1518 570 1586 ille,
592 1521 753 1574 nostrarum
766 1513 935 1588 injuriarum
948 1515 1032 1579 ultor,
1046 1529 1112 1568 auc·

245 1624 290 1677 tor
316 1617 426 1685 salutis,
453 1615 590 1692 quidquid
617 1614 726 1682 habuit,
761 1615 1022 1687 quantumcumque
1049 1609 1112 1677 luit,
1224 1647 1225 1650 η

241 1714 264 1747 ⁸⁰
274 1716 345 1773 illud
359 1719 449 1773 totum
465 1714 567 1772 babuit
579 1731 618 1770 ex
631 1711 786 1784 disciplina
799 1731 806 1765 ι
827 1710 1019 1768 instrumenta
1032 1713 1114 1766 natu·

244 1830 293 1872 rae
306 1815 444 1871 deerant:
465 1814 517 1870 sed
531 1816 627 1868 tantus
638 1809 729 1868 animi
743 1809 887 1882 splendor,
897 1813 927 1865 et
942 1813 1022 1886 tanta
1036 1824 1113 1885 mag·

244 1913 354 1980 nitudo,
367 1916 399 1968 ut
416 1909 471 1968 sibi
484 1909 592 1978 omniu,
614 1925 686 1983 qnae
708 1909 850 1964 clarorum
863 1907 989 1964 viromm
1003 1911 1111 1972 essent,

235 2007 304 2070 'non
318 2009 462 2067 dubitaret
482 2007 656 2076 adsciscere,
678 2023 768 2080 eaque
790 2005 867 2063 omui
882 2004 1027 2078 dignitate
1040 2002 1113 2060 obti-

244 2113 336 2166 neret.
377 2109 413 2164 L.
435 2111 532 2163 autem
556 2106 696 2162 Lentulus
718 2103 788 2162 satis
802 2101 956 2158 eratfortis
969 2107 1073 2170 orator,
1087 2101 1113 2159 si

243 2205 329 2260 modo
342 2207 445 2268 orator,
464 2202 515 2258 sed
529 2201 677 2273 cogitandi
691 2207 749 2257 non'
763 2201 872 2256 serebat
893 2200 1031 2267 laborem,
1051 2216 1112 2256 vox

243 2314 358 2365 canora,
374 2298 463 2354 verba
476 2315 535 2354 non
549 2297 662 2354 horrida
676 2314 757 2366 saue,
782 2302 814 2354 ut
827 2299 914 2370 plena
926 2301 1006 2356 esset
1019 2297 1112 2355 animi

243 2400 274 2453 et
288 2394 400 2456 terroris
414 2395 522 2452 oratio:
545 2412 694 2476 quaereres
717 2395 748 2452 in
763 2395 885 2468 judiciis
910 2395 1031 2452 sortasse
1054 2413 1113 2452 me·

242 2492 315 2549 lius:
334 2483 368 2549 in
379 2492 527 2566 republica
538 2493 613 2568 quod
627 2497 697 2557 erat,
709 2510 772 2549 esse
777 2493 925 2564 judicares
939 2493 1019 2550 satis.
1062 2495 1111 2550 Ne

244 2589 284 2646 Τ.
299 2590 415 2666 quidem
428 2591 593 2648 Postumius
615 2591 844 2648 contemnendus
858 2589 889 2648 iu
908 2591 1053 2648 dicendo:
1075 2593 1112 2648 de

242 2688 391 2761 republica
419 2705 490 2745 vero
511 2706 571 2746 non
595 2689 689 2748 minus
713 2691 872 2746 vehemens
898 2693 1003 2770 orator,
1026 2707 1112 2764 quam

241 2786 364 2844 bellator
373 2787 442 2845 luit:
464 2785 628 2855 effrenatus,
642 2792 672 2845 et
692 2805 760 2844 acer
773 2786 869 2854 nimis,
888 2787 940 2844 sed
954 2787 1113 2862 benejuris

242 2885 351 2958 publici
366 2887 445 2960 leges
459 2889 544 2960 atque
558 2885 690 2943 instituta
704 2889 890 2958 cognoverat.

281 2981 347 3038 Hoc
368 2985 435 3040 loco
449 2983 577 3050 Atticus,
603 2984 739 3041 Putarem
760 2987 798 3050 te,
812 2981 915 3057 inquit,
926 2981 1110 3040 ambitiosum

241 3093 315 3144 esse,
329 3078 354 3134 si
368 3074 412 3154 (ut
426 3077 542 3156 dixisti)
554 3079 586 3146 ii,
608 3097 677 3153 quos
692 3080 806 3153 jamdiu
826 3080 949 3156 colligis,
964 3079 1110 3138 viverent.

242 3172 351 3230 Omnes
369 3174 449 3232 enim
471 3193 692 3244 commemoras,
706 3178 755 3250 qui
778 3178 841 3234 ausi
863 3177 1018 3252 aliquando
1044 3182 1110 3236 sunt

241 3272 350 3326 stantes
363 3271 451 3344 loqui,
461 3278 493 3330 ut
506 3272 580 3330 nihil
593 3273 758 3345 imprudens
774 3275 817 3332 M.
829 3274 986 3333 Servilium
1000 3281 1109 3362 praete·

190 3383 229 3444 73
241 3364 325 3423 riisse
339 3367 466 3424 videare.
507 3370 586 3436 Non,
599 3369 725 3445 inquam,
739 3390 793 3448 ego
811 3373 885 3432 istuc
899 3372 1011 3447 ignoro,
1026 3373 1109 3431 Pom·

270 3519 292 3554 ⁰⁰
305 3519 366 3568 iilud
373 3519 458 3580 lotum]
489 3520 553 3570 Alias
558 3521 637 3570 Cicero
647 3522 670 3571 in
680 3525 722 3572 bac
731 3525 801 3572 forma
811 3524 866 3572 dicit
874 3525 906 3573 id.
923 3525 967 3573 Sed
973 3524 1109 3573 illudetism

241 3578 273 3625 sis
281 3583 315 3626 est
324 3579 373 3626 inlr.
385 3594 404 3625 c.
416 3581 451 3627 79.
463 3583 519 3626 extr.
