2436 4192
210 325 274 384 233
510 321 556 368 AD
571 317 768 374 uuuauuuilu

211 463 454 540 ninovensi,
467 467 606 526 finitimus
626 468 782 537 notationi,
794 469 831 534 de
842 484 898 544 qna
917 469 1007 528 modo
1026 471 1083 530 dio

210 570 272 622 tum
286 572 331 624 est
344 587 360 622 ι
372 572 414 635 ut,
427 567 453 625 si
466 585 573 644 quom
585 567 718 642 pluviam
729 585 795 629 eam
809 569 895 626 niodo
908 568 1084 644 intelligere

210 679 381 740 unusquam
395 667 479 726 imbri
493 668 656 726 collectam
668 669 848 739 videremus3
864 667 982 729 veniret
991 668 1084 730 Muci·

210 779 253 832 us,
265 764 325 839 qui,
338 766 570 841 quinconjugsto
579 769 668 826 verba
680 771 779 826 essent
788 767 887 842 pluvia
902 773 932 826 et
949 769 1084 842 pmendo,

210 862 330 931 diceret,
343 881 461 924 omnem
474 883 579 942 anunm
593 871 724 941 oportere
735 867 838 934 arceri,
860 883 934 942 quae
958 868 1084 940 pluendo

211 961 360 1020 oravisset.
397 966 471 1024 Cum
486 972 583 1024 autem
597 983 616 1022 a
627 983 734 1040 genere
744 966 865 1025 discetur
875 973 1085 1040 argumentum,
1202 949 1203 967 ¹

211 1064 336 1122 nonem
350 1083 470 1123 necesse
482 1065 513 1124 id
536 1083 625 1140 usque
645 1063 798 1138 “sospite
820 1059 977 1122 arcessere.
998 1081 1083 1139 saepe
1115 1133 1118 1138 ,

214 1167 303 1224 etiam
317 1164 392 1222 citra
405 1164 485 1232 licet,
508 1165 663 1222 dummodo
690 1180 774 1236 supra
787 1163 836 1231 sit,
858 1164 934 1236 quod
957 1163 1083 1230 sumitur,

155 1321 157 1326 ,
210 1281 294 1339 quarn
303 1264 342 1331 id,
347 1265 385 1320 ad
393 1265 468 1337 quod
476 1263 607 1320 sumiturt
618 1266 737 1336 utaque
748 1262 849 1334 pluvie
858 1261 961 1319 ultimo
975 1279 1081 1335 genere

210 1377 245 1418 ee
256 1366 310 1427 est,
321 1377 394 1434 quae
403 1363 439 1418 de
452 1363 535 1418 coelo
550 1360 673 1418 veniens
686 1361 793 1419 crescit
807 1359 905 1426 imbris
919 1361 972 1416 sed
991 1359 1086 1434 propi·

210 1475 258 1518 ore
273 1461 348 1526 loon
362 1459 393 1516 in
404 1477 462 1533 quo
468 1460 549 1533 quasi
557 1461 607 1531 jus
618 1460 737 1517 arcendi
746 1460 921 1529 continetur,
929 1479 1024 1534 genus
1032 1467 1083 1529 est,

210 1557 399 1633 nquapluvia
412 1574 542 1620 nocens:
564 1557 626 1630 ejus
645 1559 761 1632 generis
780 1559 898 1626 formae,
919 1561 980 1617 loci
1001 1560 1084 1630 vitio,

211 1663 241 1714 et
255 1673 342 1716 menu
365 1673 493 1716 nocens:
516 1674 634 1732 quarum
652 1659 745 1716 alteru
763 1655 908 1730 ⁴³julretur
922 1661 961 1716 ab
977 1659 1083 1716 arbitro

211 1756 356 1826 ooiirceri3
377 1760 469 1814 altera
479 1757 673 1830 nonjubetur.
705 1757 865 1816 commode
879 1757 969 1814 etiam
983 1762 1085 1816 tracta-

212 1860 257 1913 tur
271 1858 345 1914 haec
358 1855 579 1930 argumentatio,
593 1873 666 1930 quae
681 1874 719 1912 ex
737 1873 844 1929 genere
866 1857 996 1923 sumitur,
1018 1873 1083 1914 oum

212 1973 251 2012 ax
265 1961 327 2014 toto
340 1971 510 2030 penequmo
524 1960 629 2030 partes,
639 1957 698 2012 lioc
712 1957 818 2012 modo:
840 1955 874 2012 Si
887 1957 970 2014 dolere
991 1957 1082 2012 malua

213 2059 266 2122 est,
293 2072 360 2112 oum
386 2054 466 2112 aliud
490 2055 593 2128 agitur,
616 2054 695 2110 aliud
721 2054 892 2122 simulatur3
914 2071 1083 2112 enumerare

212 2151 293 2226 lioet,
302 2154 402 2226 quibus
416 2154 447 2210 id
460 2154 554 2210 modis
567 2154 633 2210 fiat:
653 2151 759 2210 deinde
772 2151 793 2182 ⁴⁴
801 2150 832 2210 in
847 2170 945 2210 eorum
956 2155 1082 2227 aliquem

211 2248 252 2314 id,
266 2251 340 2320 quod
355 2266 457 2320 arguas
479 2251 547 2306 dolo
574 2253 651 2308 malo
677 2251 793 2319 iactum,
814 2251 986 2310 includere:
1008 2252 1082 2327 quod

212 2363 302 2418 genus
318 2345 479 2418 argumenti
493 2347 524 2403 in
539 2349 638 2420 primis
651 2349 762 2412 firmum
778 2350 872 2406 videri
886 2352 970 2408 solet.

162 2453 201 2511 10
248 2444 422 2502 Similitudo
432 2447 576 2522 sequitur3
597 2466 670 2522 quae
685 2451 743 2506 lete
758 2453 846 2522 patet,
860 2451 912 2506 sed
922 2450 1080 2508 oratoribus

212 2549 242 2602 et
256 2545 434 2618 philosophis
445 2546 546 2620 magis,
560 2565 645 2621 quam
660 2546 751 2604 vobis.
793 2548 857 2604 Etsi
878 2549 959 2606 enim
981 2566 1081 2606 omnes

211 2643 271 2700 looi
284 2648 350 2700 sunt
365 2643 493 2702 omnium
507 2646 743 2718 disputationum,
766 2649 804 2703 ad
828 2653 999 2722 argumente
1021 2666 1083 2722 sup·

211 2741 377 2816 peditande3
401 2747 498 2799 tamen
526 2743 591 2800 aliis
619 2744 860 2818 disputationibus
888 2747 1080 2804 abundantius

211 2846 374 2910 occurrunt,
401 2842 466 2900 aliis
491 2843 648 2917 auguratius.
690 2845 792 2918 linque
805 2863 914 2917 genera
936 2844 991 2902 tibi
1013 2849 1082 2902 nou

212 2941 285 2998 sint:
307 2941 357 2998 uhi
368 2947 463 2998 eutem
478 2942 522 2998 his
536 2948 625 3010 utare,
639 2943 822 3016 quaestiones
836 2942 917 3014 ipsae
933 2947 963 3000 te
985 2945 1082 3000 adnm·

210 3041 329 3094 nebunt.
373 3041 447 3096 Sunt
468 3041 546 3096 enim
567 3041 780 3108 similitudines,
803 3057 876 3114 quae
899 3041 1080 3113 expluribus

210 3135 414 3193 collationibus
428 3139 602 3210 perveniunt
624 3157 680 3212 quo
704 3142 815 3208 volunt,
840 3140 895 3195 lroo
920 3141 1023 3197 modo:
1048 3139 1081 3197 si

211 3235 288 3287 tutor
300 3233 386 3288 tidem
401 3235 544 3306 praestare
558 3238 654 3302 debet,
667 3235 692 3292 si
703 3239 808 3305 socius,
819 3238 855 3305 si,
864 3237 913 3296 cui
923 3238 1079 3305 mandaris,

240 3385 262 3418 ⁴2
276 3383 375 3444 acupile]
391 3385 405 3430 i.
417 3401 430 3430 a
441 3399 525 3432 summo
534 3401 627 3443 genere:
643 3403 694 3434 inox
703 3391 759 3436 dicit
768 3391 846 3438 ultimo
854 3406 942 3448 genere,
950 3389 1009 3452 quod
1019 3389 1080 3437 idem

211 3449 251 3493 est.
284 3447 342 3494 Mox
352 3443 467 3490 drcmmodo
477 3459 544 3500 supro
555 3446 590 3501 sit,
601 3449 643 3492 etc.
655 3447 702 3493 Ma.
716 3451 824 3506 nuperius.

240 3525 261 3558 ⁴³
271 3525 367 3584 jubetur
377 3524 494 3570 churbilro
505 3525 617 3587 coirent]
649 3526 697 3574 ΜΒ.
709 3527 744 3574 ed.
754 3527 810 3574 Ven.
822 3509 962 3576 abortierit:
979 3527 1082 3576 simililer

211 3600 262 3631 mox
273 3584 358 3632 arbitrii
369 3583 451 3631 mentio
461 3599 479 3630 c.
499 3585 531 3631 lu.
548 3599 568 3630 n.
580 3587 615 3631 43.

240 3663 262 3696 ⁴⁴
276 3665 302 3711 in
312 3679 387 3712 mum
396 3665 491 3726 ntiqtuem
505 3690 515 3699 ·
529 3689 539 3700 ·
552 3663 685 3727 includere]
716 3664 768 3712 vid.
779 3664 843 3711 Clau.
855 3665 911 3712 inlr.
922 3679 946 3712 v.
