2444 4194
228 334 288 396 135
592 327 732 379 onam

224 480 275 536 vel
302 475 449 553 utriusque
475 472 514 554 (si
541 492 642 534 verum
665 471 841 552 quaerimus)
862 472 957 549 potius
980 493 1096 550 expers·

225 575 313 651 leque
326 593 384 634 uno
398 581 506 642 tenore,
519 579 551 631 ut
563 574 654 648 ajunt,
667 575 699 632 in
713 573 839 632 dicendo
853 573 924 642 fluit,
939 573 1015 634 nihil
1030 577 1096 634 affe·

226 691 293 732 rens
311 679 423 750 praeter
435 672 606 730 facilitatem
627 678 658 730 et
675 673 927 747 aequabilitatem:
949 679 1001 732 aut
1015 675 1096 732 addit

226 774 345 848 aliquos,
368 777 400 831 ut
425 773 457 830 in
480 788 597 840 corona,
622 777 707 840 toros,
732 789 903 848 omnemque
930 771 1095 832 orationem

225 870 402 929 ornamentis
416 871 538 929 modicis
553 874 706 928 verborum
715 869 981 946 sententiarumque
994 871 1095 929 distin·

224 969 296 1043 guil.
337 971 450 1029 Horum
463 970 640 1046 singulorum
660 987 797 1046 generum
810 969 984 1043 quicumque
1004 969 1094 1028 ¹⁰vim

226 1064 373 1147 [singulis]
385 1069 535 1128 consecuti
542 1075 619 1137 sunt,
629 1085 764 1142 magnum
774 1067 805 1125 in
816 1067 975 1125 oratoribus
986 1085 1095 1127 nomen

224 1167 395 1226 habuerunt.
445 1169 504 1226 Sed
525 1169 720 1243 quaerendum
744 1171 797 1234 est,
819 1165 928 1223 satisne
952 1165 993 1234 id,
1017 1167 1095 1242 quod

194 1267 367 1336 uolumus,
381 1266 540 1324 effecerint
582 1266 724 1324 Videmus
743 1264 822 1321 enim
842 1263 930 1321 luisse
943 1267 1094 1338 quosdam,

223 1361 273 1436 qui
286 1350 376 1420 iid'em
389 1369 491 1421 ornate
500 1355 540 1421 'ac
555 1365 691 1438 graviter,
702 1362 792 1420 iidem
805 1368 922 1420 versute
938 1367 969 1420 et
982 1363 1093 1421 subtili·

223 1462 268 1516 ter
280 1459 421 1518 dicerent.
463 1464 561 1536 Atque
574 1455 686 1518 utinam
705 1461 737 1518 in
751 1461 866 1519 Latinis
886 1461 954 1519 talis
970 1462 1093 1520 oratoris

223 1557 409 1617 simulacrum
431 1559 555 1634 reperire
578 1564 744 1634 possemus!
767 1564 844 1618 esset
864 1560 1013 1635 egregium
1037 1580 1096 1619 non

223 1675 360 1734 quaerere
382 1664 513 1727 externa,
535 1660 701 1717 domesticis
725 1677 789 1715 esse
813 1664 977 1717 contentos.
1032 1660 1094 1718 Sed

223 1774 279 1831 ego
293 1757 381 1824 idem,
392 1758 441 1832 qui
454 1758 484 1815 iu
500 1757 552 1816 illo
565 1775 696 1815 sermone
710 1761 817 1824 nostro,
827 1756 876 1831 qui
887 1763 931 1813 est
942 1756 1094 1830 expositus

222 1856 254 1913 in
269 1855 369 1922 Bruto,
390 1859 511 1914 multum
534 1856 681 1914 tribuerim
701 1855 827 1923 Latinis,
841 1857 889 1912 vel
910 1861 943 1912 ut
962 1857 1093 1914 hortarer

222 1955 305 2024 alios,
319 1957 368 2013 vel
382 1957 456 2030 quod
471 1973 597 2013 amarem
611 1973 700 2023 meos,
710 1955 843 2013 recordor
856 1957 943 2028 longe
957 1955 1091 2014 omnibus

222 2071 311 2112 unum
326 2057 468 2113 anteferre
484 2057 721 2122 Demosthenem,
731 2054 780 2129 qui
791 2053 853 2110 vim
863 2055 1092 2112 accommodarit

219 2155 260 2208 ad
283 2171 357 2221 eam,
381 2171 466 2226 quam
489 2155 621 2220 sentiam,
643 2152 846 2226 eloquentiam,
869 2169 928 2210 non
952 2154 991 2210 ad
1015 2171 1092 2222 eam,

220 2265 306 2322 quam
319 2250 350 2304 in
367 2251 462 2323 aliquo
484 2251 546 2322 ipse
571 2251 767 2322 cognoverim.
810 2253 875 2309 Hoc
895 2267 953 2308 nec
973 2253 1091 2326 gravior

220 2345 333 2402 exstitit
356 2345 513 2422 quisquam,
541 2365 597 2404 nec
627 2337 768 2417 callidior,
802 2365 858 2407 nec
891 2351 1087 2424 temperatior.

220 2445 321 2520 ltaque
335 2445 418 2502 nobis
429 2446 566 2504 monendi
579 2453 646 2505 sunt
657 2448 688 2516 ii,
699 2466 817 2523 quorum
831 2468 923 2507 sermo
937 2450 1088 2524 imperitus

218 2544 370 2612 increbuit,
384 2544 433 2619 qui
446 2550 496 2602 aut
517 2546 577 2606 dici
596 2565 627 2604 se
645 2547 811 2605 desiderant
827 2549 953 2616 Atticos,
967 2554 1017 2606 aut
1031 2549 1088 2622 ipsi

218 2642 308 2700 attice
323 2645 424 2701 volunt
444 2643 552 2716 dicere,
566 2650 596 2703 ut
616 2645 755 2703 mirentur
775 2648 852 2704 lrunc
872 2646 1011 2716 maxime,
1031 2665 1088 2722 quo

218 2760 256 2800 ne
273 2743 407 2800 Athenas
420 2742 536 2818 quidem
549 2743 625 2818 ipsas
643 2745 733 2820 magis
753 2747 841 2803 credo
854 2745 942 2802 tuisse
958 2746 1085 2803 Atticas.

218 2841 286 2919 quid
299 2842 379 2901 enim
393 2843 430 2900 sit
443 2843 583 2903 Atticum.
598 2845 721 2911 discant,
732 2844 982 2918 eloquentiamque
996 2845 1086 2918 ipsius

218 2943 336 3008 viribus,
345 2959 403 2999 non
414 2941 615 3000 imbecillitate
626 2961 686 3012 sua,
698 2943 861 3001 metiantur.
903 2944 931 3000 N
935 2961 992 3001 unc
1005 2945 1085 3002 enim

218 3043 330 3096 tuntum
343 3039 460 3112 quisque
483 3041 590 3107 laudat,
604 3047 740 3114 quantum
762 3060 794 3098 se
814 3059 898 3114 posse
911 3047 1008 3114 sperat
1022 3042 1086 3100 imi·

218 3136 282 3192 tari.
324 3137 384 3193 Sed
405 3143 501 3195 tamen
524 3157 573 3195 eos
594 3140 689 3196 studio
712 3141 831 3212 optimo,
852 3141 967 3213 jndicio
989 3141 1085 3198 minus

216 3233 298 3292 firmo
312 3234 464 3305 praeditos,
479 3236 592 3303 docere,
607 3254 680 3312 quae
700 3239 738 3295 sit
758 3239 871 3313 propria
891 3241 952 3297 laus
969 3240 1086 3298 Attico·

216 3348 289 3401 rum,
303 3349 361 3388 non
375 3332 502 3389 alienum
517 3339 594 3405 puto.

245 3486 266 3519 ιο
280 3485 327 3556 qm
341 3482 438 3555 siqua
454 3486 562 3552 caseus
575 3473 648 3557 'amq
680 3489 738 3543 onia
758 3492 869 3552 stagnus
888 3491 944 3540 nim
961 3493 1024 3542 mua
1039 3506 1087 3542 eae

213 3550 373 3668 ffimtesssquam
383 3559 405 3592 m
415 3545 636 3606 ungulusgeueubus.
669 3550 801 3610 Sedidjsm
816 3563 868 3600 aute
877 3553 968 3601 dietum.
1001 3552 1086 3601 Dalm·
