2444 4192
233 345 299 406 254
490 372 496 378 .
572 327 830 384 mundantium

232 489 332 546 auteur
344 481 526 544 convenient
538 480 570 540 in
585 481 645 557 ejus
658 480 775 558 generis
794 477 996 555 quaestionem
1009 495 1108 540 conne-

233 589 365 661 quantos,
389 582 607 648 antecedentes,
629 584 834 654 repugnantes,
856 579 1008 652 adJunotis
1022 580 1110 638 etiam

234 684 344 742 duobus
362 681 411 750 iis,
434 679 483 756 qni
496 665 647 738 sumuntur
658 697 697 736 ex
711 677 808 736 causis
822 682 851 734 et
865 677 990 736 effectis.
1032 678 1109 738 Nam

236 780 261 840 si
275 783 352 839 hano
370 797 431 838 rem
448 779 502 856 illa
521 777 749 858 aequitaniam
771 782 868 834 autem
890 794 950 834 nou
964 777 1110 852 sequitur:

236 885 287 939 aut
298 880 324 937 si
338 879 406 936 huic
419 876 462 935 rei
482 876 535 934 itta
545 875 702 944 antecedit,
717 875 784 933 huic
798 892 859 933 non
872 875 1042 934 antecedit:
1063 880 1110 936 ant

236 979 262 1038 si
275 977 342 1036 huic
356 976 400 1037 rei
409 978 559 1050 repugnat,
567 974 613 1033 itti
623 991 683 1032 non
695 977 849 1048 repugnat:
871 980 930 1042 ant,
939 974 965 1031 si
975 973 1061 1048 hqius
1070 974 1110 1032 rei

151 1129 155 1141 .
236 1078 320 1146 haec,
333 1075 412 1135 iltius
422 1075 482 1134 alia
499 1079 662 1132 causaest:
683 1072 770 1130 antei
785 1072 897 1130 exalia
911 1073 979 1141 hoc,
994 1091 1034 1132 ex
1053 1073 1109 1132 alio

237 1176 308 1235 illud
323 1176 458 1234 effectum
472 1178 531 1230 est:
547 1191 585 1230 ex
598 1172 702 1247 quovis
716 1172 817 1230 horum
830 1171 870 1240 id,
881 1173 918 1230 de
929 1189 988 1247 quo
1001 1173 1109 1248 quaeri·

237 1280 291 1342 tur,
304 1275 430 1342 idemne,
444 1291 482 1332 an
496 1272 575 1330 atiud
585 1271 632 1340 sit,
647 1271 775 1330 inveniri
785 1275 890 1345 potest
935 1271 986 1329 Ad
995 1273 1109 1330 tertium

236 1389 327 1450 genus
340 1371 527 1446 quaestionis,
540 1370 571 1428 in
586 1387 651 1445 quo,
665 1373 749 1444 quate
763 1370 810 1438 sit,
823 1369 980 1445 quaeritur,
990 1370 1024 1430 in
1036 1387 1109 1429 corn·

236 1469 416 1545 parationem
429 1485 466 1525 ea
478 1468 596 1534 cadunt,
606 1484 680 1541 qnae
694 1471 793 1541 paullo
801 1472 870 1526 ante
881 1469 912 1526 in
920 1469 1108 1544 comparatio·

237 1568 283 1628 nia
296 1570 363 1627 loco
376 1551 542 1626 enumerata
555 1570 630 1623 sunt
660 1566 696 1623 ln
706 1566 778 1623 illud
793 1565 890 1624 autem
901 1585 1003 1642 genus,
1014 1568 1046 1626 in
1056 1586 1109 1644 qne

238 1669 275 1725 de
297 1667 461 1742 expetendo
481 1663 673 1740 fugiendoque
696 1665 851 1738 quaeritur,
873 1666 1049 1724 adhibentur
1067 1684 1111 1734 ea,

239 1783 312 1841 quae
326 1772 393 1824 suut
406 1770 456 1823 aut
463 1762 563 1832 animi,
572 1767 622 1821 aut
635 1762 829 1836 eorporis,aut
840 1769 961 1822 externa
969 1766 1017 1821 vel
1029 1781 1110 1822 com·

239 1868 334 1934 moda,
344 1867 393 1923 vel
407 1863 605 1922 incommoda.
626 1863 756 1936 Itemque
766 1878 832 1920 cum
843 1863 881 1920 de
892 1862 1109 1938 honestaturpi·

239 1983 295 2040 que
308 1962 462 2039 quaeritur,
485 1963 523 2020 ad
536 1951 637 2020 ¹animi
651 1961 738 2030 bona,
761 1964 809 2020 vel
835 1964 922 2032 mala,
935 1963 1031 2022 omnis
1044 1963 1110 2020 diri

239 2065 336 2138 ganda
355 2062 447 2121 oratio
468 2065 522 2119 est.
564 2059 640 2118 Cum
663 2063 760 2118 autem
782 2060 820 2117 de
843 2076 936 2136 aequo
954 2066 989 2134 et
1013 2061 1109 2136 iniquo

239 2161 396 2228 disseritur,
420 2158 573 2233 aequitatis
597 2158 656 2215 loci
683 2158 865 2233 colliguntur.
896 2159 928 2217 hi
955 2165 1109 2218 cernuntur

238 2256 386 2328 bipartito,
400 2260 430 2310 et
443 2260 555 2321 natura,
568 2260 598 2311 et
611 2253 753 2315 instituto.
796 2258 907 2316 Natura
917 2262 1015 2331 partes
1026 2261 1110 2318 habet

239 2354 318 2421 duas,
333 2352 486 2411 tuitionem
505 2351 559 2420 aui,
578 2357 609 2410 et
621 2353 784 2413 ulciscendi
798 2356 859 2430 'jue
901 2358 1053 2417 Institutio
1063 2375 1109 2416 aar·

239 2458 300 2512 tem
312 2451 475 2529 aequitatis,
500 2450 643 2526 tripartita
665 2457 719 2511 est.
741 2472 800 2514 uua
820 2473 895 2530 pars,
908 2456 1043 2530 legitime
1056 2462 1106 2525 est,

239 2555 331 2610 altera
343 2551 535 2621 conveniens,
553 2551 639 2610 tertia
658 2552 746 2610 moris
759 2557 905 2612 vetustate
929 2539 1107 2614 confirmata.
1202 2621 1203 2630 χ

241 2652 339 2725 Atque
352 2650 442 2708 etiam
460 2667 554 2720 rursus
568 2651 707 2724 aequitas,
721 2651 872 2726 tripartita
898 2652 1009 2712 dicitur
1029 2672 1105 2712 esse:

239 2767 298 2810 una
312 2751 349 2808 ad
363 2765 480 2828 superos
493 2750 573 2817 deos,
593 2751 685 2806 altera
699 2750 736 2808 ad
749 2767 860 2821 manes,
870 2751 957 2808 tertia
970 2753 1008 2810 ad
1021 2753 1109 2810 horni-

240 2849 458 2924 nespertinere.
492 2847 591 2908 Prima
615 2849 718 2921 pietas,
732 2848 1110 2919 secundafflsanetitasder·

187 2949 282 3016 wia
294 2948 411 3022 justitia
439 2951 489 3006 aut
508 2946 638 3022 nequitae
664 2947 848 3022 nominatur⁸⁸
892 2949 940 3006 De
965 2951 1110 3024 proposito

241 3047 311 3104 satis
335 3050 442 3106 multa:
476 3044 616 3119 deinceps
646 3046 683 3102 de
706 3063 794 3104 eausa
820 3046 959 3121 pauciora
987 3048 1111 3106 dicenda

240 3148 316 3200 sunt.
356 3145 499 3218 Pleraque
527 3141 607 3200 enim
633 3148 700 3201 suut
724 3144 753 3201 ei
774 3161 842 3203 oum
862 3144 1012 3220 proposito
1038 3163 1112 3208 cont·

240 3253 348 3296 mnam.

282 3333 357 3394 'Pria
369 3339 437 3392 sunt
450 3335 537 3408 igitur
561 3355 669 3411 genera
693 3355 861 3411 causariam
874 3340 993 3414 judicii,
1006 3343 1112 3404 delibe

124 3469 127 3474 ·
241 3431 371 3503 rationis,
396 3432 581 3492 laudationis.
623 3436 753 3509 Quarum
777 3439 849 3498 fines
871 3439 928 3514 ipsi
951 3442 1111 3510 declarent,

271 3588 427 3655 ennam]
458 3586 865 3643 dammucensem.
908 3549 912 3556 ⁴
