2474 4188
237 289 280 354 24
605 283 739 338 annulle.

234 424 272 492 Ρ.
288 431 440 492 Tuditano
453 431 506 494 luit
518 435 596 492 bello
617 435 730 493 Punico
750 435 895 494 seeundor
915 439 1100 509 quaestorque

231 533 283 590 bis
296 534 462 592 oonsulibus
485 533 528 591 M.
543 534 627 601 Cato,
641 535 728 592 modo
748 535 834 606 plane
853 533 937 590 annis
953 550 1013 590 oxu
1034 538 1109 590 antev

235 626 455 699 metanomiam,
469 636 500 688 et
512 631 636 704 idipsum
650 631 707 688 nisi
728 632 812 688 unius
827 635 905 688 esset
918 631 1010 688 Ennii
1024 631 1106 706 testie

233 731 334 788 monio
348 730 505 804 cognitum,
519 730 595 786 hune
610 735 749 796 vetustas,
768 735 800 786 ut
813 729 884 785 alios
899 729 1018 786 tortasse
1032 729 1100 786 mul·

236 833 290 898 tos,
316 828 466 886 oblivione
489 828 639 886 obruisset.
681 828 763 885 lllius
791 833 888 884 autem
915 828 1021 884 aetatis
1053 827 1100 902 qui
1217 817 1218 884 l

234 943 329 984 sermo
346 925 440 994 luerit,
463 944 500 984 ex
524 925 687 984 Naevianis
711 925 825 999 seriptis
846 925 972 998 intelligi
997 929 1100 998 potest
1217 945 1218 1018 q

231 1024 291 1088 llis
312 1024 391 1081 euim
413 1024 587 1092 oonsulibus,
612 1023 695 1081 utin
716 1023 862 1080 veteribus
884 1023 1100 1080 commentariis

233 1123 372 1196 seriptum
387 1127 440 1190 est,
454 1124 483 1179 N
485 1122 587 1181 nevius
601 1126 646 1178 est
660 1127 801 1179 mortuus:
821 1139 991 1196 quamquam
1006 1123 1105 1179 Varro·

233 1225 331 1276 noster
344 1220 580 1293 diligentissimus
600 1219 792 1294 investigator
811 1220 1001 1294 antiquitatis,
1019 1224 1101 1294 putat

228 1313 264 1372 in
286 1317 342 1374 hoa
366 1323 500 1384 erratum,
521 1318 669 1392 vitamque
692 1319 801 1374 Naevii
825 1317 956 1390 producit
976 1319 1099 1392 lougius.

227 1413 312 1470 ¹Nam
337 1414 455 1471 Plautus
480 1415 513 1472 P.
537 1416 670 1482 Claudio,
693 1417 728 1472 L.
749 1415 863 1482 Porcio,
888 1415 994 1489 viginti
1016 1416 1100 1473 annis

232 1517 296 1585 post
310 1513 385 1581 illos,
396 1530 466 1588 quos
476 1519 544 1570 ante
555 1513 627 1583 dixi,
639 1516 773 1571 eonsules
783 1517 909 1571 mortuus
920 1519 973 1581 est,
985 1515 1099 1572 Catone

232 1625 362 1668 censore.
437 1665 439 1670 .

272 1709 359 1783 Hune
373 1707 460 1782 igitur
474 1709 636 1784 Cethegum
655 1715 826 1769 consecutus
844 1717 888 1768 est
901 1715 998 1768 aetate
1013 1711 1100 1780 Cato,

230 1805 280 1879 qui
294 1805 378 1864 annis
393 1825 426 1863 1x
440 1813 505 1880 post
516 1827 582 1866 eum
595 1808 649 1866 luit
660 1812 770 1866 consul.
785 1827 850 1866 eum
861 1827 914 1866 nos
925 1814 957 1866 nt
967 1816 1101 1882 pervete-

229 1921 290 1961 rem
304 1906 450 1974 habemus,
463 1905 511 1981 qui
526 1908 562 1964 L.
578 1907 700 1976 Marcio,
715 1907 767 1965 M’.
783 1908 908 1965 Manilio
928 1909 1097 1965 consulibus

228 2009 355 2060 mortuus
370 2009 423 2072 est,
442 2005 526 2062 annis
548 2024 673 2064 nxxxm
693 2005 762 2080 ipsis
784 2013 917 2066 aniame
938 2009 1098 2064 consulem.
1148 2033 1152 2042 ¹

179 2107 219 2166 16
231 2101 297 2157 Nee
311 2119 381 2158 vero
392 2103 486 2158 babeo
496 2119 666 2174 quemquam
678 2103 876 2174 antiquiorem,
887 2103 968 2172 eujus
979 2102 1099 2174 quidem

228 2197 336 2268 scripta
349 2198 517 2270 proterenda
531 2202 637 2268 putem,
652 2197 708 2252 nisi
723 2197 807 2269 que'm
823 2197 914 2270 Appii
928 2198 1020 2254 Caeni
1033 2217 1097 2258 ora·

227 2294 270 2351 tio
283 2295 356 2351 haee
370 2294 433 2366 ipsa
446 2294 483 2350 de
498 2293 618 2365 Pyrrho,
633 2299 662 2350 et
677 2295 832 2351 nonnullae
848 2300 1021 2352 mortuorum
1035 2299 1096 2355 lau·

227 2391 359 2449 dationes
382 2392 454 2448 lorle
479 2393 636 2449 delectant.
681 2392 721 2448 Et
745 2393 876 2450 hercules
899 2394 955 2450 hae
977 2394 1095 2468 quidem

226 2496 360 2548 exstant:
381 2491 461 2563 ipsae
475 2490 554 2548 enim
567 2489 695 2547 familiae
715 2508 766 2547 sua
780 2491 861 2565 quasi
874 2497 1044 2550 ornamenta
1057 2511 1094 2552 ae

153 2629 157 2638 ·
226 2594 413 2648 monumenta
434 2592 598 2656 servabant,
619 2593 649 2646 et
670 2589 707 2646 ad
726 2607 815 2658 usum,
836 2589 944 2664 siquis
965 2590 1094 2664 ejusdem

226 2687 340 2762 generis
360 2687 524 2755 occidisset,
538 2689 618 2754 etad
640 2689 807 2746 memoriam
823 2690 945 2754 ,laudum
958 2691 1092 2767 domesti-

225 2803 334 2858 carum,
348 2793 378 2844 et
392 2787 429 2843 ad
442 2786 641 2844 illustrandam
659 2788 840 2856 nobilitatem
853 2805 944 2845 suam.
986 2790 1092 2861 Quam·

225 2903 311 2959 quam
326 2885 370 2943 his
384 2885 596 2944 laudationibus
618 2885 739 2941 historia
760 2901 853 2940 rerum
874 2893 1033 2942 nostrarum
1047 2891 1092 2944 est

225 2983 302 3038 iacta
324 2983 496 3048 mendosius.
548 2983 642 3038 Multa
665 2981 744 3037 enim
768 2981 875 3054 scripta
897 2985 1015 3041 suntin
1037 2985 1091 3053 eis,

224 3096 296 3152 quae
310 3079 459 3144 laetanou
469 3083 549 3145 sunt,
562 3077 626 3136 fulsi
642 3078 786 3150 triumphi,
800 3083 894 3152 plures
915 3084 1090 3152 consulatus,

224 3193 331 3251 genera
352 3176 441 3233 etiam
462 3178 545 3245 salsa,
572 3175 593 3207 ³⁰
606 3181 637 3232 at
657 3179 779 3254 a-plehe
802 3179 998 3246 transitiones,
1022 3197 1089 3238 enm

224 3278 356 3335 homines
379 3267 568 3335 humiliores
559 3295 590 3336 m
606 3276 733 3343 alienum
755 3277 884 3350 ejusdem
905 3278 1031 3338 nominis
1046 3279 1089 3340 iu·

250 3430 275 3465 ³⁰
288 3430 399 3486 duplata
408 3430 565 3492 transitiones]
597 3429 635 3477 sie
649 3429 725 3500 scripsi
731 3445 799 3536 pro
796 3432 826 3479 od
841 3433 933 3492 plebem,
950 3433 1009 3494 quod
1026 3435 1090 3502 tulna

222 3495 337 3538 maternus
347 3494 371 3535 et
380 3504 414 3536 res
424 3493 448 3534 et
461 3431 585 3560 exemplum
601 3489 700 3559 requirit.
755 3489 868 3542 umilioras
885 3492 914 3541 de
924 3491 1000 3554 plebe,
1011 3485 1087 3546 simfli—

220 3549 299 3600 ωηο
308 3547 402 3600 nominis
412 3547 482 3610 abusi,
492 3562 516 3598 se
525 3563 567 3610 pro
573 3547 672 3611 patriciis
682 3548 796 3609 gerebant
