2460 4184
545 273 680 350 narinus.
972 311 1033 372 105

153 445 307 506 redeanms
323 448 361 506 nd
375 463 450 516 eum,
473 445 520 522 qui
537 445 603 520 jam
621 465 695 506 nnus
716 450 814 516 restat,
828 447 1031 512 Hortensium:

140 552 215 604 =tum
230 549 267 604 de
281 546 507 630 nobismetipsis,
525 545 661 622 quoniam
679 547 711 603 id
737 547 835 618 etiam,
849 547 948 618 Brute,
965 569 1029 624 pos·
1097 595 1101 603 ,

151 647 238 713 tnlas,
252 663 346 720 pauca
359 643 498 712 dicemus,
509 661 680 720 quamquam
698 644 836 702 facienda
850 646 960 703 mentio
975 651 1028 718 est,

139 748 184 799 ‚ut
197 742 313 817 quidem
327 742 400 800 mihi
425 742 549 810 videtur,
574 743 694 822 duorum
708 743 958 802 adolescentium:
979 745 1029 820 qui

140 840 177 898 si
199 842 305 898 diutius
325 841 479 910 vixissent,
498 857 634 916 magnam
645 845 750 900 essent
767 842 953 918 eloquentiae
968 845 1028 901 lau·

139 941 220 997 ‘dem
233 939 394 998 consecuti.

139 1071 143 1090 .
190 1039 226 1096 Ο.
237 1039 395 1096 Curionem
409 1044 448 1108 te,
460 1039 556 1114 inquit
570 1039 686 1106 Brutus,
700 1043 730 1096 et
742 1038 777 1096 0.
792 1039 939 1098 Licinium
956 1041 1025 1100 Cal·

138 1153 220 1194 .vum
234 1137 355 1195 arbitror
368 1138 476 1195 dicere.
519 1138 622 1205 Recte,
636 1123 763 1212 inquam,
777 1136 939 1195 arbitraris:
956 1156 1027 1215 quo·
1048 1183 1052 1188 -

148 1253 210 1294 rum
233 1236 351 1311 quidem
375 1239 458 1303 alter,
481 1233 502 1265 ⁰⁸
520 1231 615 1312 (quod
637 1234 796 1304 verisimile
817 1231 965 1314 dixisset)
981 1236 1025 1296 ita

137 1335 234 1394 :facile
248 1339 397 1412 soluteque
412 1335 509 1392 verbis
524 1337 664 1392 volvebat
673 1335 743 1393 satis
757 1336 900 1394 interdum
911 1342 1022 1407 acutas,

132 1436 264 1492 *crebras
277 1434 393 1509 quidem
406 1439 486 1492 certe
499 1434 670 1503 sententias,
685 1439 717 1492 ut
730 1433 804 1492 nihil
823 1439 921 1508 posset
936 1452 1020 1494 orna·

138 1532 205 1589 »tius
230 1549 304 1599 csse,
327 1532 401 1590 nihil
422 1533 595 1608 expeditius.
636 1533 734 1608 Atque
761 1533 811 1590 hic
833 1551 851 1590 a
872 1533 1018 1609 magistris

137 1623 250 1704 fparum
263 1629 418 1699 institutus,
431 1637 560 1689 naturam
576 1631 678 1688 habuit
698 1631 899 1689 admirabilem
916 1633 954 1689 ad
975 1631 1018 1690 di·

136 1729 279 1786 cendum.
294 1729 463 1792 industriam
476 1747 607 1787 nonaum
621 1733 777 1802 expertus:
800 1729 925 1787 studium
936 1735 1016 1788 certe

141 1825 207 1884 snit.
228 1827 277 1904 qui
300 1828 326 1885 si
339 1845 386 1885 mc
400 1828 499 1886 audire
513 1826 663 1894 voluisset,
679 1831 711 1883 ut
724 1831 869 1900 coeperat,
881 1827 1016 1895 honores,

140 1941 229 2000 quam
243 1943 323 1998 opes,
337 1925 475 1998 consequi
488 1924 645 1980 maluisset.
687 1923 834 1996 Quidnam
847 1928 900 1992 est,
911 1920 1015 1998 inquit,

132 2021 242 2082 istud?
262 2029 294 2080 et
316 2023 556 2096 quemadmodum
578 2019 752 2094 distinguis?
772 2022 839 2078 lloc
856 2022 950 2090 modo,
971 2021 1014 2080 in·

138 2121 357 2198 quam.'··Cnm
385 2121 476 2176 honos
502 2117 541 2175 sit
566 2117 726 2192 praemium
753 2117 878 2186 virtutis,
897 2118 1013 2192 judicio

132 2220 292 2295 studioque
306 2219 417 2276 civium
430 2219 558 2274 delatum
572 2219 609 2276 ad
630 2217 765 2291 aliquem,
790 2215 840 2292 qui
860 2234 926 2274 eum
947 2235 1011 2276 sen·

138 2319 249 2385 tentiis,
268 2319 325 2392 qui·
338 2316 479 2390 suffragiis
500 2319 620 2390 adeptus
634 2320 687 2384 est,
701 2313 725 2372 is
740 2315 812 2374 milri
827 2320 857 2372 et
870 2316 1009 2376 honestus

137 2421 177 2476 et,
190 2419 345 2474 honoratus
359 2416 481 2472 videtur.
524 2415 582 2486 Qui
604 2419 700 2472 autem
724 2414 880 2472 occasione
901 2416 1009 2491 aliqua,

136 2517 229 2574 etiam
241 2515 344 2574 invitis
358 2513 417 2570 suis
431 2514 555 2582 civibus,
566 2517 668 2570 nactus
683 2518 727 2568 est
738 2512 898 2585 imperium,
911 2518 943 2571 ut
956 2513 1007 2571 ille

135 2615 287 2689 cupiebat,
301 2612 322 2644 ⁸⁹
335 2614 413 2670 hunc
437 2629 543 2668 nomen
564 2610 681 2667 honoris
700 2611 845 2684 adeptum,
872 2627 932 2669 non
957 2611 1007 2670 ho·

136 2731 238 2770 norem
257 2717 335 2787 puto.
368 2712 461 2782 *Quae
480 2709 504 2764 si
523 2709 574 2764 ille
592 2689 690 2765 audire
711 2709 860 2776 voluisset,
877 2709 1006 2768 maxima

133 2831 203 2872 cum
223 2812 316 2888 gratia
330 2815 359 2867 et
378 2806 521 2882 glorianti
545 2823 685 2862 summam
706 2805 925 2879 amplitudinem
943 2824 1006 2879 per·

136 2911 274 2978 venisset,
289 2908 470 2966 adscendens
486 2902 621 2978 gradibus
635 2902 860 2976 magistratuum,
874 2906 905 2959 ut
924 2907 1005 2976 pater

132 3011 195 3084 ojus
214 3003 333 3076 lecerat,
351 3012 382 3064 ut
405 3003 507 3080 reliqui
526 3001 661 3060 clariores
680 3000 746 3058 viri.
788 3001 870 3072 Quae
889 3001 1002 3077 quidem

163 3163 184 3196 ⁸⁸
192 3163 251 3222 maed
261 3161 380 3208 amnonis
392 3159 501 3222 amana]
516 3159 581 3207 Haec
588 3171 630 3216 ego
640 3171 685 3204 non
696 3155 804 3214 intelligo,
818 3169 858 3202 neo
868 3155 924 3203 bene
933 3157 1001 3206 inter·

109 3275 113 3281 ⁸
149 3227 234 3268 retatus
243 3217 447 3286 Con-aduaquiad
469 3218 606 3266 narrationes
624 3217 706 3273 relcrt3
731 3215 805 3261 neseio
822 3217 1007 3284 quomodo,cum

171 3281 198 3326 iis
208 3295 253 3327 non
262 3279 291 3324 sit
300 3293 380 3324 sermo.
410 3279 512 3326 Turbant
529 3281 603 3325 sutem
623 3277 755 3322 contentum.
786 3274 861 3321 Credo
870 3289 917 3321 ease
926 3276 1007 3360 spurio¹

128 3344 157 3386 ct
166 3337 360 3386 anundeiutrun.

159 3419 251 3464 iitractae
261 3432 285 3463 n.
302 3417 324 3462 l.
335 3417 444 3473 adeptam,
459 3431 506 3463 noa
521 3417 543 3462 la.
558 3415 629 3474 pata]
650 3413 698 3462 Ma.
715 3412 788 3472 regins
800 3412 832 3459 sic
847 3411 949 3482 ordinat:
974 3412 997 3458 l.

128 3474 316 3594 fflfflm'
326 3489 372 3524 aaa
386 3475 599 3532 ammanuensium
615 3479 676 3530 pato.
708 3473 832 3533 Utrumque
842 3476 877 3520 est
891 3471 998 3517 Cicerone

169 3634 241 3676 von.
262 3633 309 3674 ιιι.
567 3610 629 3670 ltli
