2436 4192
231 333 294 392 248
542 321 798 374 munuarrruu

230 473 320 548 igitur
333 473 401 530 ioco
412 487 563 530 asomum
586 471 744 546 explicato,
767 489 806 530 ex
819 487 919 530 earum
939 471 1105 532 differentis

229 571 263 630 in
280 571 394 646 maguis
417 571 533 646 quidem
552 571 646 630 oausis
667 573 717 628 voi
736 576 890 640 oratorum,
910 573 961 630 vel
975 572 1101 646 phiioso

229 671 361 745 phorum,
387 687 493 746 magua
519 674 752 745 argumentorum
782 670 911 744 suppetit
936 671 1046 745 oopia3
1074 673 1105 732 iu

230 770 336 828 vostris
358 774 464 837 autem,
489 769 515 827 si
537 786 597 828 non
620 768 742 838 uberior,
766 773 797 826 at
818 767 938 826 tortasse
963 769 1104 829 subtilior.

231 869 352 930 Privata
378 869 459 928 euim
474 867 591 940 ,iudicio
613 867 805 928 maximarum
828 867 948 944 quidem·
964 885 1062 927 rerum
1074 869 1104 928 iu

223 967 492 1042 jurisconsultorum
506 967 579 1026 milri
592 967 729 1026 videntur
742 984 805 1024 esse
818 965 983 1040 prudentia.
1026 969 1056 1026 N
1058 985 1103 1028 auu

229 1071 261 1125 et
284 1069 388 1126 adsunt
412 1069 541 1136 muitum,
556 1070 586 1124 et
609 1065 783 1124 adhibentur
797 1065 829 1124 iu
849 1065 993 1126 consilio:
1016 1071 1048 1124 et
1056 1085 1104 1144 pa·

229 1167 321 1226 tronis
333 1166 532 1242 diligentibus,
545 1167 583 1224 ad
602 1182 702 1224 eorum
715 1163 898 1238 prudentiam
911 1164 1104 1241 confugienti-

229 1265 282 1322 bsn
297 1265 395 1322 hastas
405 1265 579 1324 ministrant
621 1264 658 1321 iu
672 1263 810 1322 omuibus
823 1263 912 1338 igitur
924 1263 963 1322 iis
975 1263 1104 1338 judiciis,

229 1361 391 1436 inquibus,
412 1382 455 1420 ax
482 1380 558 1422 urna
584 1379 675 1430 suun,
703 1366 749 1420 est
773 1361 925 1420 additumz
950 1362 1004 1421 ubi
1030 1381 1098 1422 vero

228 1461 327 1527 etiarn,
345 1478 385 1518 vu
401 1479 497 1518 iussa
512 1478 609 1518 nouos
625 1477 707 1516 suun
730 1477 845 1518 sorus:
866 1460 1058 1537 inprimisque
1070 1459 1100 1520 iu

229 1558 348 1617 arbitrio
361 1559 404 1618 rei
417 1557 547 1627 uxoriae,
560 1558 662 1632 inquo
676 1565 737 1629 est3
757 1556 779 1591 '¹³
792 1576 872 1630 ourn
886 1577 1037 1630 ussurus,
1050 1579 1102 1620 us.-

230 1676 312 1728 mus‚
326 1658 420 1732 parati
440 1673 505 1716 esso
526 1657 643 1714 debent
685 1657 734 1714 liii
759 1641 839 1716 eninr
861 1659 959 1716 dolum
984 1662 1102 1740 malum,

230 1757 275 1816 iiii
288 1759 375 1816 fidem
387 1760 502 1826 bonam,
512 1755 557 1816 ilii
569 1773 701 1830 aequum,
714 1757 832 1825 bonum,
845 1757 900 1825 ilii,
911 1757 981 1832 quid
994 1759 1103 1830 sociam

230 1857 321 1926 sosio,
333 1857 403 1932 quid
415 1873 490 1925 eum,
508 1855 557 1931 qui
572 1854 688 1928 negotia
701 1854 799 1912 atiena
811 1861 950 1924 curasset,
964 1857 1003 1925 ei,
1022 1857 1101 1932 cujus
1201 1919 1202 1938 χ

230 1973 267 2014 ea
280 1955 398 2030 negotia
410 1954 546 2024 srdssentr
567 1954 636 2028 quid
649 1971 725 2022 eum,
738 1953 787 2028 qui
797 1956 974 2024 mandasset,
986 1973 1102 2030 eumve,
1201 1945 1202 1980 t

231 2055 280 2116 oui
293 2055 461 2114 mandatum
475 2057 561 2122 esset,
574 2055 695 2111 alterurn
716 2051 800 2110 alteri
822 2059 969 2126 praestare
993 2059 1103 2128 oporte·

231 2139 285 2221 ret,
309 2154 379 2228 quid
396 2154 491 2211 virum
501 2152 594 2222 uxori,
607 2152 677 2226 quid
691 2167 812 2210 uxorem
826 2151 899 2220 viro,
913 2152 1102 2212 tradiderunt.

232 2249 350 2308 Licebit
363 2249 458 2322 igitur,
471 2249 627 2321 diligenter
639 2249 764 2323 cognitis
775 2255 1008 2325 argumentorum
1022 2253 1103 2332 loeis,

232 2363 291 2404 non
305 2347 392 2405 modo
413 2344 573 2402 oratoribus
598 2351 628 2404 et
650 2346 839 2421 philosophis,
853 2350 905 2406 sed
925 2349 1002 2424 juris
1017 2350 1103 2410 etism

233 2443 333 2521 peritis
359 2443 477 2519 copiose
504 2444 541 2503 de
567 2445 830 2504 consultationibus
858 2446 917 2530 suis
948 2449 1104 2524 disputare.

185 2535 223 2593 ¹8
236 2545 416 2628 conjunctus
440 2543 509 2602 huio
533 2559 683 2602 causarum
707 2547 773 2602 loco
797 2547 879 2604 locus
904 2547 957 2605 ille
981 2553 1037 2619 est,
1060 2548 1106 2626 qui

236 2645 359 2703 efficitur
371 2662 410 2701 ex
423 2642 527 2700 causis.
568 2643 612 2701 Ut
628 2643 707 2702 enim
727 2662 816 2702 eausa
834 2645 973 2704 effectum
987 2646 1105 2714 indicat,
1199 2633 1200 2644 ¹

236 2744 290 2812 sic,
302 2742 378 2818 quod
392 2741 528 2800 effoetum
549 2746 602 2811 est,
616 2759 689 2818 quae
708 2743 794 2800 suerit
807 2761 906 2812 nausa,
919 2746 1105 2804 demonstrat.

238 2844 297 2902 iric
324 2845 404 2901 loous
430 2840 615 2916 suppeditare
641 2842 716 2898 solet
741 2841 900 2899 oratoribus
935 2849 966 2901 et
1002 2845 1106 2919 potitis,

237 2961 325 3017 saepe
339 2941 429 3000 etium
442 2940 630 3014 philosophis,
643 2940 695 2996 sed
708 2939 756 3008 iis,
769 2939 817 3014 qui
830 2946 932 2998 ornate
946 2944 1106 3018 etcopiose

237 3041 316 3115 ioqui
330 3046 458 3115 possunt,
471 3039 636 3098 mirabilem
650 3039 764 3114 oopisrn
777 3037 905 3108 (licendi,
918 3057 986 3098 cunr
1000 3042 1106 3100 denun-

238 3137 322 3206 tiant,
335 3141 405 3214 quid
417 3159 456 3198 ex
466 3158 577 3216 quaque
588 3158 619 3196 re
633 3139 670 3196 sit
680 3139 814 3197 futurum.
855 3140 1016 3199 Causarum
1029 3141 1106 3202 enirn

238 3236 376 3309 cognitio,
390 3238 588 3312 coguitionem
599 3242 772 3296 eventorum
784 3238 863 3298 facit.

277 3333 416 3408 Reliquus
439 3341 484 3393 est
503 3334 726 3409 comparationis
746 3338 838 3407 loous,
856 3337 937 3412 cujus
960 3357 1053 3414 genus
1075 3343 1104 3396 et

237 3431 403 3505 exemplum
426 3449 510 3504 supra
537 3435 662 3508 positum
682 3441 736 3505 est,
762 3443 796 3496 ut
821 3441 999 3495 ceterorum:
1027 3453 1102 3496 nuno

117 2723 135 2758 s

235 3612 460 3736 vgfflffrim
469 3613 530 3680 met]
561 3615 695 3667 EddMed.
707 3617 759 3668 Are.
770 3618 826 3681 quid
836 3617 974 3680 tiusmeliur
982 3617 1103 3682 marim
1196 3639 1197 3679 r
