2444 4194
468 381 610 434 emron.
913 392 975 455 133
1004 431 1008 440 ,

101 525 253 583 rideatur:
275 531 325 583 aut
335 529 555 601 reprehendent,
565 531 641 605 quod
654 529 808 588 inusitatas
819 531 883 588 vias
894 532 974 592 inde·

98 641 209 700 gemus,
224 625 307 682 tritas
320 627 521 702 relinquamus.
562 629 627 703 Ego
642 634 740 687 autem
762 633 794 687 et
817 647 866 688 me
887 647 974 705 saepe

101 741 181 781 nova
195 723 289 780 videri
301 724 401 783 dicere
425 727 567 802 intelligo,
594 745 661 788 cum
689 732 843 802 pervetera
868 728 975 798 dicam,

102 822 154 882 red
167 822 298 883 inaudita
311 825 469 900 plerisque:
491 831 522 883 et
535 825 635 894 lateor,
649 843 696 884 me
709 831 862 895 oratorem,
876 827 902 884 si
915 844 976 884 mo·

102 923 140 980 do
153 923 218 992 sim,
232 929 282 982 aut
303 923 392 982 etiam
409 925 583 1000 quicumque
604 925 668 992 sim,
689 940 748 982 uon
768 943 807 982 ex
827 926 975 984 rhetorum

101 1023 234 1092 officinis,
248 1013 298 1083 sed
322 1045 361 1083 ex
385 1023 566 1088 Academiae
590 1022 693 1097 spatiis
717 1023 876 1080 exstitisse.
916 1025 976 1082 llla

101 1121 178 1179 enirn
193 1129 260 1182 sunt
270 1124 414 1184 curricula
434 1122 639 1196 multiplicium
653 1121 854 1196 variommque
868 1139 974 1180 sermo·

99 1237 177 1289 num,
188 1223 220 1279 in
234 1223 337 1298 quibus
351 1211 484 1280 Platonis
498 1221 620 1294 primum
633 1220 771 1293 impressa
795 1224 863 1278 suut
882 1220 972 1278 vesti-

96 1319 159 1394 gia:
183 1323 236 1378 sed
262 1326 293 1379 et
305 1321 391 1395 hujus
404 1326 435 1378 et
455 1320 576 1377 aliorum
599 1318 834 1393 philosophorum
846 1319 972 1392 disputa·

95 1417 224 1476 tionibus
235 1424 266 1476 et
279 1419 442 1494 exagitatus
455 1418 583 1476 maxime
602 1423 699 1476 orator
717 1422 771 1485 est,
795 1422 826 1474 et
844 1418 969 1492 adjutus.

96 1515 204 1574 Omnis
217 1515 297 1575 enim
309 1518 432 1583 ubertas,
447 1521 476 1574 et
488 1517 569 1591 quasi
583 1515 661 1574 silva
680 1515 808 1583 dicendi,
830 1516 920 1581 ducta
931 1517 970 1574 ah

95 1615 155 1674 illis
167 1619 223 1683 est,
235 1633 291 1673 nec
305 1615 375 1674 satis
388 1621 485 1674 tamen
498 1615 640 1673 instructa
654 1617 692 1671 ad
706 1615 834 1672 forenses
847 1631 968 1672 causas:

97 1731 177 1788 quas,
188 1719 221 1771 ut
234 1713 279 1772 illi
292 1714 348 1790 ipsi
361 1715 459 1773 dicere
484 1716 626 1781 solebant,
648 1711 850 1788 agrestioribus
875 1713 969 1772 Musis

94 1811 281 1888 reliquerunt.
324 1814 376 1871 Sic
390 1813 557 1888 eloquentia
571 1813 652 1870 haec
677 1810 807 1879 lorensis,
831 1816 929 1885 spreta
951 1829 971 1868 a

95 1911 287 1985 philosophis,
300 1917 331 1968 et
344 1911 505 1984 repudiata,
518 1910 616 1966 multis
629 1909 746 1982 quidem
757 1910 811 1966 illa
824 1909 970 1981 eihamen-

95 2009 130 2066 tis
146 2009 320 2082 magnisque
334 2007 444 2074 caruit3
465 2007 516 2063 sed
531 2011 628 2063 tamen
641 2011 743 2062 ornata
762 2005 860 2062 verbis
885 2011 970 2080 atquc

96 2105 261 2173 sententiis,
271 2105 465 2179 jactationem
475 2105 575 2163 habuit
583 2105 615 2162 in
623 2107 739 2178 populo,
747 2122 806 2162 uec
814 2121 970 2178 paucorum

89 2204 235 2278 judicium
255 2204 566 2278 reprehensionemque
580 2203 737 2277 pertimuit.
769 2204 816 2262 lta
829 2209 860 2262 et
873 2205 968 2264 doctis

96 2302 262 2379 eloquentia
276 2302 430 2376 popularis,
445 2308 474 2359 et
494 2303 609 2360 disertis
630 2305 749 2378 elegans
772 2304 906 2363 doctrina
918 2307 967 2363 de·

94 2397 156 2457 luit
198 2399 332 2459 Positum
345 2401 383 2458 sit
396 2400 483 2476 igitur
508 2402 541 2459 in
564 2402 674 2474 primis,
693 2399 782 2480 (qued
795 2409 859 2475 post
874 2403 965 2476 magis
976 2405 997 2463 4

92 2495 293 2577 intelligetur)
307 2500 370 2556 sine
385 2499 568 2573 philosophia
581 2518 641 2558 non
663 2517 747 2574 posse
767 2500 854 2568 effici,
877 2517 966 2574 quem

90 2597 261 2671 quaerimus,
280 2599 466 2672 eloquentem
486 2617 493 2652 ι
514 2615 574 2655 non
586 2602 618 2654 ut
638 2598 671 2654 in
695 2615 731 2654 ea
754 2603 852 2655 temen
866 2598 966 2656 omnia

96 2694 163 2762 sint,
175 2697 226 2752 sed
241 2701 272 2753 ut
287 2697 330 2753 sic
342 2695 473 2769 adjuvet,
483 2699 516 2751 ut
529 2697 672 2768 palaestra
681 2695 863 2753 histrionem.
876 2713 967 2770 parva

93 2789 173 2850 enim
186 2794 301 2867 magnis
316 2809 404 2867 saepe
419 2791 581 2850 rectissime
602 2793 795 2849 conseruntur.
817 2809 886 2849 nam
910 2789 976 2850 nec

94 2891 189 2958 latins,
202 2908 259 2949 nec
270 2892 415 2964 copiosius
429 2893 466 2948 de
487 2889 600 2964 magnis
624 2889 770 2963 variisque
794 2891 878 2946 rebus
902 2889 966 2947 sine

93 2987 278 3062 philosophia
292 2994 387 3062 potest
398 2989 548 3062 qnisquam
561 2987 669 3044 dicere.
712 2987 862 3061 Siquidem
876 2987 966 3046 etiam

93 3085 123 3142 in
135 3087 272 3144 Phaedro
286 3087 416 3144 Platonis
430 3087 487 3144 hoc
503 3086 648 3143 Periclem
661 3085 838 3158 praestitisse
859 3087 965 3145 ceteris

90 3183 164 3241 dicit
181 3185 341 3242 oratoribus
357 3186 502 3254 Socrates,
515 3186 590 3260 quod
601 3184 626 3241 is
640 3185 834 3259 Anaxagorae
847 3186 964 3260 physici

92 3280 179 3339 luerit
194 3277 322 3341 auditor:
344 3298 431 3358 aquo
440 3288 550 3351 censet,
559 3301 634 3352 eum,
648 3300 715 3341 cum
735 3283 792 3340 alia
816 3289 964 3358 praeclara

94 3383 243 3453 quaedem,
256 3391 287 3440 et
300 3381 455 3456 magnifica
473 3381 631 3448 didicisset,
656 3382 772 3439 uberem
796 3387 827 3439 et
848 3383 963 3440 foecun-

91 3477 158 3534 dum
171 3479 269 3546 luisse,
285 3495 462 3552 gnarumque
486 3474 574 3554 (quod
598 3484 642 3536 est
665 3479 847 3554 eloquentiae
874 3477 963 3536 maxi·

95 3573 300 3652 mum)quibus
309 3577 446 3634 orationis
458 3577 549 3634 modis
558 3593 686 3650 quaeque
697 3579 857 3638 animorum
869 3580 963 3647 partes

93 3677 278 3749 pellerentur.
305 3675 381 3751 quod
407 3675 485 3734 idem
519 3676 556 3733 de
581 3675 780 3736 Demosthene
805 3671 970 3730 existimari
