2444 4192
336 279 528 348 oasroarsd
543 295 764 348 sanmaronas.
923 297 986 362 275

120 443 273 512 dissensio,
293 445 490 506 deliniendam
503 449 547 502 est
560 460 649 520 saepe
668 462 707 502 ex
720 441 879 520 contrariis,
899 459 987 518 saepe

123 542 214 601 etiam
240 561 280 600 ex
306 541 499 610 dissimilibus,
526 559 613 616 saepe
635 561 673 600 err
700 541 823 616 paribus.
867 542 989 614 Quamo-

42 658 46 668 ’
122 641 204 698 brem
218 641 427 716 descriptiones
447 660 557 718 quoque
571 642 683 700 suntin
699 643 756 700 hoc
776 658 883 717 genere
903 658 989 714 saepe

122 743 216 812 aptae,
255 745 285 796 et
320 741 499 798 enumeratio
526 741 774 816 consequentium,
804 739 990 814 inprimisque

122 844 290 896 commovet
303 839 461 912 explicatio
475 839 611 897 vocabuli
625 856 659 896 ac
673 839 807 897 nominis

162 935 199 994 0.
218 937 256 996 F
279 938 354 995 Sunt
373 937 664 1012 expositajamiere
683 955 727 1004 ea,
751 938 879 1012 quaeda
904 936 995 1010 lacto,

123 1052 252 1111 quaeque
278 1036 315 1094 de
342 1035 413 1094 lacti
434 1035 631 1109 appellatione
652 1039 834 1112 quaeruntur.
875 1037 992 1109 Nempe

122 1133 211 1211 igitur
228 1152 263 1193 es
284 1140 403 1203 restant,
416 1152 500 1210 quae,
519 1133 616 1193 ”cum
629 1135 738 1192 laetum
757 1140 882 1202 constet,
899 1140 930 1193 et
943 1152 993 1192 no·

121 1249 204 1302 men,
214 1234 311 1309 qualia
331 1234 400 1301 sint,
414 1236 536 1291 vocatur
548 1233 580 1292 in
600 1233 727 1292 dubium.
769 1235 804 1292 0.
825 1234 858 1291 P.
873 1235 927 1292 Est
940 1233 991 1302 ita,

122 1338 153 1390 nt
167 1333 253 1391 diois.
285 1334 321 1392 C.
336 1335 371 1390 Ρ.
388 1334 548 1404 Quaesunt
562 1333 693 1408 igiturin
706 1352 742 1392 eo
755 1351 861 1408 genere
874 1330 990 1408 partes?

125 1431 161 1491 C.
183 1432 219 1488 P.
241 1433 329 1490 Aut
316 1450 381 1505 Jure
404 1430 551 1522 ωιιιοιιιιιι,
573 1431 740 1521 depellendi
759 1438 811 1490 aut
828 1432 991 1491 ulciscendi

124 1529 234 1588 doloris
242 1530 345 1604 gratia,
352 1535 400 1588 aut
408 1531 533 1604 pretatis
542 1536 591 1588 aut
599 1532 767 1606 pudrcrtrae
776 1536 826 1588 aut
833 1531 990 1604 rehgronrs.

124 1633 175 1686 aut
188 1628 300 1702 patriae
321 1629 447 1697 nomine,
467 1636 517 1686 aut
529 1630 653 1703 denique
668 1629 851 1694 necessitate,
864 1627 991 1694 inscitia,

124 1743 204 1786 casu.
224 1727 253 1784 N
255 1745 301 1784 am
310 1745 383 1803 quae
393 1733 474 1786 motu
482 1727 573 1784 animi
583 1730 613 1782 et
623 1725 835 1799 perturbatione
842 1724 919 1785 laeta
927 1725 991 1782 sine

125 1821 238 1886 ratione
246 1825 678 1894 sunt‚eadelensionemoontra
686 1823 806 1892 crimen,
815 1823 846 1881 in
855 1821 992 1897 legitimis

115 1924 249 1998 judiciis,
264 1941 323 1982 non
334 1925 452 1990 habent,
464 1923 495 1980 in
510 1922 607 1981 liberis
617 1922 876 1996 disceptationibus
886 1923 992 1980 habere

124 2027 255 2097 possunt.
298 2023 363 2079 Hoc
379 2021 409 2078 in
424 2037 539 2094 genere,
553 2021 584 2077 in
599 2038 663 2095 quo,
677 2023 761 2096 quale
780 2021 827 2088 sil,
841 2019 993 2094 quaeritur,

127 2139 166 2178 ex
188 2119 397 2187 controversia,
417 2120 497 2193 jure,
519 2123 549 2175 et
570 2124 688 2176 rectene
713 2125 809 2176 actum
829 2119 876 2186 sit,
896 2117 993 2192 quaeri

125 2223 217 2278 solet:
238 2237 355 2295 quorum
369 2217 525 2292 disputatio
546 2236 583 2275 ex
597 2219 725 2276 locorum
742 2217 935 2291 descriptione
949 2233 993 2275 su·

126 2320 234 2377 menda
247 2323 300 2374 est.
342 2318 380 2375 [t.
391 2319 426 2374 Ρ.
439 2317 547 2392 Agesis
559 2335 636 2392 ergo,
650 2315 786 2393 quoniam
799 2316 834 2374 in
845 2317 994 2375 confirma·

127 2417 241 2474 tionem
259 2420 290 2472 et
308 2415 561 2488 reprehensionem
582 2415 723 2471 diviseras
739 2414 877 2493 orationis
898 2415 994 2483 tidem,

128 2520 160 2573 et
173 2515 285 2570 dictum
304 2513 340 2568 de
360 2515 451 2569 altero
470 2517 537 2568 est:
556 2529 672 2585 expone
685 2528 763 2568 nunc
784 2512 822 2567 de
843 2512 996 2583 reprehen-

129 2612 238 2673 dendo.
279 2610 314 2667 C.
336 2609 370 2666 P.
393 2611 455 2666 Aut
476 2613 567 2666 totum
593 2614 637 2666 est
663 2610 836 2683 negandum,
862 2610 937 2684 quod
964 2608 996 2666 in

128 2706 380 2785 argumentatione
406 2706 587 2766 adversarius
612 2708 753 2774 sumserit,
778 2707 803 2764 si
829 2708 929 2786 fictum
947 2711 997 2764 aut
1052 2718 1056 2724 '

130 2811 237 2868 falsum
251 2824 314 2863 esse
329 2803 420 2879 possis
434 2807 554 2874 docere3
569 2811 617 2862 aut
631 2807 825 2884 redarguenda
839 2823 883 2872 ea,
895 2803 915 2836 ⁰⁴
924 2823 997 2880 quae
1073 2835 1076 2842 .

132 2925 184 2983 pro
196 2893 399 2964 verisimilibus
412 2909 506 2960 sumta
516 2901 591 2961 sint:
605 2903 726 2977 primum
736 2903 822 2961 dubia
832 2907 926 2960 sumta
936 2921 999 2961 esse

161 3061 186 3095 ⁸²
201 3060 438 3130 cumsaetameomlst
449 3057 720 3119 olnommpnols'asiall
748 3057 796 3106 Me
809 3057 837 3104 a.
849 3057 997 3118 olfactumet

133 3133 212 3168 norm
221 3119 284 3178 parts
294 3119 328 3165 sb
340 3119 404 3175 bene,
414 3123 440 3165 ut
448 3124 511 3180 puto.

162 3197 284 3254 ωῙιιιιιιιιι
292 3196 419 3253 depelli-,tar
433 3202 473 3244 aad
475 3197 537 3268 ule.]
569 3197 606 3244 Sic
620 3195 711 3254 vulgali.
744 3195 863 3244 Lambinus
873 3196 997 3256 corrigebat

134 3256 270 3314 defoditur,
286 3261 312 3300 ut
325 3259 360 3302 est
375 3255 426 3302 eliis
438 3255 515 3302 locis'
508 3271 531 3302 ιιι
550 3255 709 3312 delirante
726 3257 761 3302 19.
791 3212 997 3317 Neutrummgprobat

135 3315 249 3362 Grutems
281 3313 328 3360 Ms.
346 3312 376 3359 V.
391 3317 465 3361 autem
479 3319 504 3360 et
522 3315 557 3361 ed
574 3314 736 3362 Vemhabent
754 3312 935 3372 apodemium
950 3315 995 3360 alr.

136 3373 195 3436 quad
204 3387 281 3418 verum
290 3375 352 3432 puto
363 3376 430 3432 atque
440 3373 520 3433 recepi
550 3373 598 3421 Ms.
610 3374 639 3420 a.
650 3373 720 3420 habet
728 3375 856 3431 appelletur

163 3450 186 3483 ⁶⁴
200 3455 354 3510 paemmpto
368 3450 438 3520 sapt]
469 3451 644 3506 Qmaaoteed
660 3452 843 3513 φιωιιιιιιιιιειιι,
859 3449 1000 3508 &quoqne

135 3465 343 3569 aeribeodumestp.
355 3524 371 3558 s
383 3509 435 3556 sint.
