2474 4188
483 289 486 296 ⁴
522 285 657 342 muros.
980 299 1018 362 ῃ

152 434 276 496 Bmtirm
299 433 387 494 nihii¹
402 436 519 496 mentiri
546 443 625 513 puto.
652 437 779 498 'Videor
804 437 882 500 enim
903 439 974 514 jam'
989 447 1025 500 te

150 552 269 594 ausurus
296 552 361 592 esse
388 538 557 610 appellares
590 537 726 611 quoniam
753 539 840 611 longo
866 538 1021 600 interuallo
1111 563 1113 570 ·

149 637 237 692 modo
250 634 373 708 primum
387 635 582 692 animadverti
595 637 692 708 paullo
705 640 734 694 te
749 635 924 694 hilariorem.
963 637 1019 696 Ita·

150 751 217 808 que,
229 732 366 808 quoniam
379 732 439 799 hio,
452 734 527 808 quod
542 732 613 790 mihi
631 735 792 800 deberetur,
806 752 839 790 se
852 737 1022 792 exacturum

151 831 294 905 protessus
308 835 371 898 est;
385 831 461 904 quod
474 830 542 887 huic
556 833 654 900 debes,
668 849 723 906 ego
736 849 755 888 a
768 835 798 888 te
811 835 890 905 peto.
931 831 1021 903 Quid-

151 945 220 988 nam
241 925 294 986 idi
318 928 444 1002 inquam.
485 928 528 986 Ut
550 928 669 997 sor-ibas,
686 929 790 1004 inquit,
811 927 929 1002 aliquid.
945 927 1021 1000 jam·

150 1027 263 1100 pridem
293 1025 372 1084 enim
398 1025 601 1106 conticuerunt
629 1031 695 1086 tuae
719 1028 843 1102 litterae.
884 1027 962 1084 Nam
989 1030 1022 1084 ut

149 1124 216 1183 ilios
229 1127 267 1182 de
278 1124 426 1197 republica
440 1124 528 1182 libros
543 1125 669 1194 edidisti,
680 1124 754 1182 nihil
765 1141 785 1180 a
793 1130 823 1180 te
836 1141 907 1180 sene
920 1129 1022 1195 postea

150 1223 337 1296 accepimus:
359 1222 458 1297 eisque
477 1223 649 1296 nosmetipsi
668 1223 706 1280 od
726 1226 857 1296 veterum
871 1221 1021 1278 annalium

151 1320 320 1380 memoriam
340 1321 642 1395 comprehendendam
664 1321 789 1396 impulsi,
807 1324 892 1394 atque
905 1318 1020 1376 incensi

152 1436 259 1476 sumus.
302 1421 361 1478 Sed
374 1419 511 1477 illa-oum
525 1421 642 1493 poteris,
661 1417 672 1451 ⁸
685 1424 771 1496 atquo
784 1421 815 1476 ut
834 1415 926 1492 possis
940 1433 1019 1490 rogo.

152 1516 335 1586 tinnovero,
354 1517 458 1592 inquit,
479 1517 504 1574 si
517 1536 548 1575 es
562 1519 660 1576 animo
680 1535 784 1588 vaano,
802 1537 918 1594 expone
935 1519 1020 1578 nobis

153 1616 230 1690 quod
250 1616 431 1689 quaerimus.'
461 1615 608 1686 Quidnam
626 1613 741 1676 estid?
764 1613 892 1691 inquam.
914 1621 1019 1692 ¹Quod

149 1713 225 1771 mihi
251 1732 342 1790 nuper
365 1714 397 1772 in
424 1712 595 1771 Tusculano
619 1715 764 1774 inchoasti
787 1717 824 1772 de
850 1717 1019 1786 oratoribus,

152 1813 269 1887 quando
288 1830 352 1870 esse
367 1813 541 1886 coepissent,
554 1812 603 1888 qui
616 1814 715 1881 etiam,
733 1800 764 1871 et
777 1817 875 1890 quales
889 1813 1022 1873 fuissent.

151 1927 239 1984 quem
257 1927 314 1984 ego
327 1927 489 1968 sermonem
503 1927 570 1968 oum
589 1912 627 1968 ad
642 1911 764 1968 Brutum
775 1917 864 1979 tuum,
885 1914 934 1969 vel
955 1929 1022 1970 nos·

150 2012 230 2064 trum
256 2007 361 2078 potius,
388 2005 563 2072 detulissem,
586 2023 761 2080 magnopere
787 2008 837 2064 hio
864 2009 962 2064 audire
988 2026 1020 2066 se

151 2106 234 2162 velte
258 2103 344 2161 dixit.
390 2105 492 2177 Itaque
518 2104 762 2178 huno·elegimus
787 2103 873 2172 diem,
900 2121 967 2164 oum
991 2110 1021 2163 te

153 2201 292 2260 sciremus
317 2218 381 2258 esse
403 2219 536 2259 vaenum.
579 2203 686 2276 Quare,
706 2203 731 2260 si
754 2202 808 2260 tibi
827 2208 872 2260 est
894 2221 1019 2262 eommo-

151 2302 229 2369 dum,
241 2301 295 2357 ede
310 2300 370 2368 illa,
384 2317 457 2374 quae
471 2317 618 2374 coeperas,
632 2306 662 2358 et
676 2302 776 2370 Bruto,
787 2306 817 2358 et
831 2301 913 2360 mihi.
953 2303 1018 2378 Ego

154 2415 233 2466 vero,
246 2399 373 2472 inquam,
390 2395 433 2453 ⁰si
447 2403 574 2470 potuero,
594 2399 701 2456 faciam
716 2399 891 2457 vobis-satis.
933 2402 1018 2459 Pote-

153 2496 201 2564 ris,
215 2496 328 2570 inquit:¹
344 2497 444 2552 retexe
457 2497 542 2552 modo
552 2497 680 2570 paullum
689 2495 826 2566 animum,
837 2503 888 2557 aut,
898 2516 970 2555 sene
979 2496 1019 2576 (si

154 2591 249 2672 potes)
262 2596 361 2652 libera.

192 2695 306 2766 Nempe
326 2691 413 2766 igitur
426 2690 496 2748 hino
509 2696 579 2758 tum,
599 2691 750 2765 Pomponi,
772 2693 875 2752 duatus
895 2699 940 2752 est
960 2711 1017 2753 ser·

154 2810 212 2861 m0,
232 2793 383 2866 quoderat
402 2807 421 2846 e
441 2807 487 2845 me
503 2790 613 2846 mentio
632 2790 718 2856 iacta,
739 2807 855 2846 eausam
876 2791 1018 2861 Deiotari,

153 2890 314 2949 fidelissimi
327 2894 411 2964 atque
429 2887 532 2960 optimi
546 2887 632 2961 regis,
645 2886 826 2943 ornatissime
840 2892 871 2942 et
883 2887 1019 2959 copiosis·

150 2989 227 3046 sime
246 3004 261 3044 o
276 2988 368 3044 Bruto
381 3004 426 3042 me
441 2986 554 3042 audisse
572 2985 730 3041 defensam.
774 2982 852 3050 Soio,
867 2982 966 3059 inquit,
980 2987 1049 3055 abd,

153 3087 212 3144 isto
224 3083 309 3142 initio
322 3079 443 3142 tractum
457 3102 521 3144 esse
539 3101 710 3149 sermonem,
725 3087 809 3155 teque
824 3082 906 3140 Bruti
920 3085 1017 3144 doten-

154 3190 214 3243 tem
228 3185 335 3252 vicem,
348 3183 428 3257 quasi
442 3183 595 3238 deflevisse
608 3182 783 3254 judiciorum
796 3180 975 3253 vastitatem,¹
987 3189 1018 3242 et

155 3335 1019 3456 „tfflrtstztaitttttttmrtttzaaffldt’ttmt

153 3455 229 3509 tadat,
244 3454 427 3514 quemadmodum
441 3451 517 3514 possit,
532 3452 666 3516 indicatque,
677 3454 709 3503 nil
722 3454 800 3506 metius
809 3452 930 3511 metenti
945 3465 1017 3512 pm·

153 3525 220 3574 quam
228 3513 301 3560 faeere
311 3511 385 3573 possit.

179 3589 332 3653 tammam]
347 3605 388 3642 su.
399 3589 506 3648 tipasam.
