2474 4188
233 295 281 360 ῃ
600 291 737 344 caurus.

235 457 357 516 eumque
371 448 507 513 montem,
521 443 570 520 qui
585 445 675 502 Sacer
687 447 850 518 appellatus·
860 449 914 513 est,
927 439 1108 520 occrmavia»

235 546 289 608 eet,
305 541 347 598 M.
362 543 514 600 Valerium
534 543 705 600 dictatorern
726 543 852 601 (licendo
872 543 1025 602 sedavisse
1046 545 1107 600 dis·

234 641 357 709 cordiae,
371 641 454 714 eique
467 642 505 696 ob
524 658 589 698 enm
602 659 663 702 rem
678 641 800 700 honores
814 641 1008 715 amplissimos
1023 640 1107 698 hebi·

235 745 290 808 loe,
302 746 334 797 et
346 757 412 798 eum
425 740 549 813 primum
560 742 598 798 ob
611 757 679 797 eam
689 741 783 814 ipram
802 758 921 800 caumm
934 740 1106 798 Maximum

234 859 299 899 esee
313 841 496 912 appellatum.
537 841 566 897 N
568 858 586 896 e
600 841 636 897 L.
651 840 806 897 Valerium
821 840 937 914 quidem
959 839 1108 906 Potitum,

234 940 355 999 erninu
368 957 427 996 non
438 939 545 1014 aliquid
560 939 686 1013 potuisse
700 938 834 1006 dicendo,
844 939 895 1012 qui
908 943 972 1011 post
984 940 1108 996 decem·

234 1041 358 1098 virulem
371 1039 524 1106 invidiam,
533 1040 647 1113 plebem
658 1038 689 1096 in
703 1044 798 1112 patres
811 1039 972 1105 incitatam,
987 1037 1108 1113 legibus

234 1143 265 1196 et
279 1139 469 1196 concionibus
491 1139 549 1195 suis
570 1138 757 1212 mitigaverit.
799 1138 952 1194 Poeaumur
968 1137 1106 1210 Appium

234 1237 389 1294 Claudium
411 1236 549 1309 auspicari
569 1235 715 1305 disertum,
736 1237 803 1310 quia
826 1242 958 1294 renatum
975 1235 1108 1310 jamjam

234 1335 445 1402 inclinatum,a
461 1335 565 1410 Pyrrhi
587 1353 659 1408 pace
678 1337 874 1396 revocaverit:
898 1352 1051 1409 possumus
1066 1336 1104 1392 C.

235 1435 413 1502 Fabricium,
426 1435 493 1509 quia
513 1434 551 1492 rit
572 1436 608 1491 ad
623 1435 765 1508 Pyrrhum
778 1436 815 1491 de
836 1433 1107 1508 captivit-recupe-

235 1535 332 1592 randis
346 1534 448 1592 misene
461 1539 572 1591 orator:
593 1533 645 1592 Ti.
656 1534 879 1601 Coruncanium,
893 1535 967 1609 quod
979 1551 1018 1590 cx
1030 1551 1105 1606 pon·

234 1634 343 1690 tilicum
356 1633 570 1691 commentariis
581 1635 667 1706 longe
681 1634 832 1706 plurimum
843 1632 961 1706 ingenio
970 1632 1104 1690 valuisse

234 1731 382 1789 vitientur:
405 1729 458 1789 Μ’,
472 1732 600 1800 Curium,
613 1733 688 1806 quod
702 1732 728 1788 ie
746 1732 876 1788 tribunus
895 1731 997 1804 plebis,
1011 1730 1108 1789 iuter·

233 1849 302 1906 rege
327 1831 426 1906 Appio
449 1831 557 1898 Caeco,
578 1831 685 1887 diserto
706 1832 833 1896 homine,
854 1830 973 1887 comitia
995 1835 1104 1888 eontra

232 1933 314 2004 leges
328 1931 462 1997 habente,
476 1947 542 1988 oum
555 1930 592 1988 de
605 1931 690 2004 plebe
709 1928 886 1986 ²⁸(consulem
899 1945 958 1985 non
972 1928 1104 2002 accipie·

233 2032 292 2098 bnt,
310 2035 405 2103 patrea
429 2035 497 2086 ante
521 2034 652 2086 auctores
675 2027 737 2086 lieri
756 2029 901 2102 coegerit,
919 2027 1022 2102 ”quod
1044 2027 1103 2086 tuit

233 2145 426 2201 permaguum,
438 2129 566 2183 nondum
575 2130 640 2200 lege
652 2127 771 2182 Maenia
781 2129 849 2182 lata.
890 2127 976 2182 Licet
986 2126 1102 2200 aliquid

233 2225 321 2283 etiam
351 2227 387 2280 de
412 2224 455 2280 M.
479 2222 598 2296 Popillii
624 2223 744 2300 ingenio
767 2223 914 2298 auspicari,
946 2223 996 2297 qui
1027 2241 1102 2286 cum

232 2325 338 2384 consul,
347 2326 432 2389 esset,
446 2323 605 2396 eodemque
618 2325 747 2394 tempore
762 2321 934 2379 sacrificium
948 2324 1102 2398 publicum

232 2438 300 2480 eum
327 2423 415 2497 leena,
435 2419 551 2486 laceret,
573 2421 649 2494 quod
675 2424 737 2477 erat
763 2421 868 2478 ttamen
892 2422 1102 2494 Carmentalis,

232 2519 329 2594 plebei
341 2526 442 2578 contra
455 2523 550 2592 patres
567 2518 764 2576 concitatione
777 2524 807 2576 et
820 2519 963 2578 seditione
977 2525 1100 2580 nuncia·

233 2626 279 2690 ta;
297 2624 329 2678 ut
350 2623 412 2676 erat
435 2620 521 2675 laena
542 2619 673 2687 amictus,
691 2618 734 2675 ita
752 2619 835 2676 venit
859 2620 890 2678 in
912 2621 1097 2695 concionem,

232 2718 459 2792 seditionemque
474 2735 540 2775 cum
554 2717 735 2787 auctoritate,
748 2724 809 2776 turn
821 2719 950 2777 oratione
969 2723 1101 2780 sedavit.

233 2819 294 2877 Sed
308 2837 357 2876 eos
371 2823 497 2876 oratores
511 2818 624 2876 habitos
638 2836 711 2886 ease,
731 2824 781 2875 aut
793 2819 918 2876 omnino
929 2825 990 2876 tum
1004 2823 1096 2878 ullum

233 2917 414 2998 eloquentiae
428 2918 586 2991 praemium
606 2917 702 2984 luisse,
720 2917 793 2974 nihil
812 2935 882 2974 eane
903 2920 974 2976 mihi
988 2921 1095 2993 legisse

231 3015 343 3086 ulrleor.
368 3017 568 3073 tantummodo
589 3016 757 3089 conjectura
777 3017 867 3074 ducor
887 3019 923 3074 ao
947 3019 1096 3091 suspican-

232 3112 309 3170 tium.
351 3111 467 3170 Dicitur
487 3114 576 3170 etiam
591 3114 627 3172 (i.
642 3113 812 3183 Flaminius,
833 3116 868 3183 is,
890 3117 939 3190 qui
963 3117 1094 3178 tribunus

231 3211 326 3284 plebis
337 3212 441 3284 legem,
453 3214 491 3272 tle
504 3230 572 3290 egro
586 3213 704 3272 Gallico
723 3219 753 3271 et
766 3215 878 3274 Piceno
896 3215 1006 3276 viritim
1019 3219 1096 3278 uivi-

260 3363 284 3398 θ
298 3365 425 3426 annulata]
456 3365 493 3413 sic
501 3382 543 3428 pro
552 3370 649 3417 nruulcr
662 3371 762 3434 rescripsi
772 3387 785 3419 e
794 3369 842 3418 Me.
853 3385 898 3430 reg.
910 3374 946 3424 ed.
963 3373 1018 3424 tut.
1029 3376 1093 3430 tunt.

193 3449 199 3470 ρ
231 3437 282 3472 uam
292 3439 348 3472 nunt
357 3425 432 3471 consul
442 3425 470 3472 de
480 3427 545 3486 plebe
555 3435 640 3476 creatus
649 3435 706 3487 eret,
716 3446 781 3492 quem
790 3447 835 3480 non
844 3433 973 3494 accipiebat.

241 3503 284 3574 ’Ν
296 3504 413 3563 quodsur't
419 3507 583 3576 wangerum]
615 3508 652 3556 Sic
660 3509 708 3556 Me.
724 3525 770 3569 reg.
780 3512 923 3567 consuerit:
937 3514 995 3574 quod
1008 3514 1091 3564 dodum

231 3576 262 3629 ue
279 3577 423 3610 correxeram.
444 3577 561 3612 nonenim
579 3567 607 3612 de
623 3582 648 3614 re
664 3568 749 3615 incerta
763 3575 835 3618 nermo
848 3577 890 3629 est,
909 3588 949 3620 nee
964 3573 1094 3630 dubitanter

231 3619 456 3682 ercemprouuoeiat.
486 3623 1069 3696 librarituleritfuewuiapreeeeditrot'rnits
