2444 4194
257 341 317 402 143
609 329 761 388 unitum*

248 483 342 558 ipsius
354 483 493 544 orationis
506 485 645 560 optimum
660 485 834 559 judicarem.
871 483 952 542 'Rem
975 481 1121 546 diffieilm

250 578 308 660 (dii
320 583 495 642 immortales
506 581 528 660 t)
548 588 632 658 atque
648 583 778 640 omnium
790 581 1003 642 difficillimam.
1046 584 1122 642 Naar

250 700 319 742 eum
331 689 376 742 est
388 685 480 742 oratio
492 683 598 750 mollis,
611 689 642 740 et
661 687 771 751 tenera,
794 687 826 740 et
849 681 892 739 ita
918 681 1069 750 flexibilis,
1092 685 1122 740 at

250 787 392 857 sequatur,
410 785 588 858 quocumque
611 787 760 856 torqueas:
791 785 853 838 tum
876 786 907 836 et
931 787 1053 838 naturae
1075 797 1122 838 va·

249 880 320 949 riae,
340 886 371 938 et
390 884 566 949 voluntates,
589 883 710 938 multum
740 881 816 937 inter
836 897 869 936 se
890 878 1032 938 distantia
1059 880 1124 936 elie

249 983 353 1038 oerunt
365 979 614 1054 generedicendi.
656 979 781 1036 Flumen
795 977 861 1035 aliis
886 980 1051 1045 verborum,
1075 994 1122 1034 vo·

249 1077 436 1153 lubilitasque
450 1077 531 1136 oordi
545 1083 598 1146 est,
607 1077 656 1153 qui
664 1081 773 1152 ponunt
784 1076 816 1134 in
824 1075 962 1134 orationis
973 1076 1121 1134 eeleritate
1213 1113 1214 1140 1

249 1177 455 1252 eloquentiam.
497 1176 646 1234 Distineta
661 1174 734 1233 alios
748 1179 778 1232 et
788 1174 973 1248 interpuncta
985 1174 1121 1232 interval·
1213 1195 1214 1250 q

249 1275 288 1341 lo,
312 1291 419 1343 morae,
443 1275 702 1349 respirationesque
724 1275 882 1330 delectant.
925 1273 1004 1344 Quid
1029 1277 1122 1346 potest
1213 1259 1214 1268 ¹

246 1388 313 1427 esse
339 1377 400 1428 tam
426 1369 599 1430 diversum?
627 1377 724 1429 tamen
748 1376 794 1428 est
821 1371 852 1427 in
872 1375 993 1445 utroque
1013 1371 1119 1446 aliquid

247 1471 407 1526 excellens.
448 1469 608 1526 Elaborant
622 1469 672 1526 alii
686 1468 717 1526 in
729 1469 851 1526 ienitate
861 1473 892 1526 et
905 1467 1119 1544 aequabilitate,

247 1574 278 1625 et
301 1578 371 1643 puro
389 1567 472 1642 quasi
494 1569 618 1643 quodam
644 1572 675 1624 et
701 1567 828 1625 eandida
854 1585 961 1642 genere
989 1568 1115 1626 dicendi.

188 1703 218 1754 *s
247 1667 328 1724 ane
342 1667 430 1740 aliqui
442 1665 597 1724 duritatem
610 1673 641 1724 et
653 1667 840 1724 severitatem
853 1667 1000 1741 quandam
1010 1667 1117 1735 verbis,

246 1772 277 1823 et
306 1765 444 1823 orationis
469 1765 552 1840 quasi
579 1763 754 1822 moestitiam
781 1770 960 1838 sequuntur3
988 1765 1118 1840 quodque

246 1867 343 1940 paullo
357 1869 425 1922 ante
439 1864 600 1931 divisimus,
614 1869 646 1921 ut
659 1863 711 1920 alii
724 1881 837 1937 graves,
858 1863 909 1919 alii
928 1868 1043 1932 tenues,
1067 1861 1115 1920 alii

8 1991 10 2044 r
245 1963 398 2038 temperati
412 1965 525 2020 vellent
537 1961 648 2019 videri:
671 1967 740 2036 quot
752 1962 915 2018 orationum
928 1979 1040 2035 genera
1053 1979 1114 2020 osse

7 2059 8 2118 l
246 2063 382 2130 diximus,
396 2063 516 2119 totidem
530 2065 674 2119 oratorum
687 2061 875 2134 reperiuntur.

195 2135 234 2199 Π
285 2162 332 2228 Et,
347 2161 481 2234 quoniam
495 2160 580 2232 coepi
595 2160 659 2232 jam
680 2159 852 2216 cumulatius
873 2159 928 2216 hoe
947 2175 1054 2216 munus
1067 2175 1112 2218 au·

242 2275 321 2330 gere,
335 2273 420 2329 quam
433 2275 452 2314 a
464 2263 494 2314 te
509 2259 682 2331 postulatum
697 2262 750 2324 est,
764 2252 831 2332 (tibi
845 2255 924 2313 enim
944 2261 1059 2314 tantum
1077 2258 1112 2314 de
1213 2247 1214 2258 ¹

242 2353 380 2410 orationis
394 2373 500 2428 genere
513 2355 662 2429 quaerenti
675 2355 811 2428 respondi
823 2355 912 2412 etiarn
935 2355 1065 2413 breviter
1077 2357 1112 2412 de

242 2451 423 2510 inveniendo
435 2458 466 2510 et
476 2453 669 2531 collocando)
683 2471 720 2510 ue
735 2469 813 2510 nuno
826 2453 944 2528 quidem
957 2456 1052 2512 solum
1075 2455 1111 2512 de

242 2551 381 2608 orationis
407 2554 492 2608 modo
518 2553 624 2620 dicam,
648 2553 700 2609 sed
726 2551 814 2608 etiarn
841 2553 879 2608 de
906 2552 1052 2610 aetionis:
1072 2552 1113 2610 ita
1213 2599 1214 2614 1

199 2686 202 2691 -
242 2648 442 2723 praetermissa
456 2667 521 2722 pars
535 2652 614 2707 nulla
628 2650 691 2706 erit.
713 2649 944 2724 quandoquidem
956 2653 995 2708 de
1008 2667 1115 2708 memo·
1213 2639 1214 2650 ἶ

241 2747 285 2806 ria
298 2747 371 2806 nihil
385 2752 430 2804 est
443 2749 499 2804 hoo
521 2751 587 2806 loeo
610 2748 775 2817 dicendum,
790 2765 862 2822 quae
884 2749 1047 2806 communis
1069 2753 1114 2806 est
1213 2727 1214 2770 Τ

240 2850 392 2905 multarum
406 2846 518 2904 artium.
559 2847 625 2919 Quo
650 2848 736 2904 modo
757 2853 854 2903 autem
876 2848 1000 2914 dicatur,
1021 2846 1112 2904 idest

239 2945 271 3001 in
285 2947 403 3013 duobus,
414 2945 445 3002 in
458 2946 580 3018 agendo,
591 2950 621 3002 et
634 2945 665 3003 in
679 2947 849 3020 eloquendo.
891 2947 945 3003 Est
959 2945 1040 3003 enirn
1064 2961 1111 3003 aa·

238 3041 281 3097 tio
291 3043 372 3116 quasi
391 3043 517 3115 eorporis
530 3044 670 3117 quaedam
691 3043 866 3118 eloquentia,
885 3042 982 3102 ”oum
995 3047 1111 3102 constet

238 3143 440 3212 evooeatque
453 3145 541 3196 motu.
583 3141 675 3206 Vocis
694 3141 869 3220 mutationes
890 3142 1012 3200 totidem
1033 3145 1111 3209 sunt.

165 3311 168 3316 Ι
235 3239 306 3309 quot
319 3236 486 3304 animorum,
500 3238 549 3311 qui
563 3238 689 3296 maxime
704 3258 778 3302 voee
792 3246 1023 3298 commoventur.
1049 3243 1109 3298 lta·

235 3351 291 3409 que
316 3332 367 3388 ille
393 3335 545 3405 perfectus,
571 3352 654 3408 quem
674 3337 847 3409 jamdudum
874 3345 971 3396 nostra
994 3339 1109 3396 indicat
1213 3409 1214 3426 χ

234 3429 336 3499 oratio,
344 3435 496 3505 utcumque
506 3450 539 3488 se
549 3434 684 3492 allectum
695 3437 789 3494 videri
802 3419 837 3494 et
846 3437 975 3496 animum
988 3438 1110 3495 audien·
1213 3435 1214 3480 l

264 3587 287 3620 ³⁹
301 3587 614 3649 eumneaocentquemotu]
647 3587 953 3638 Edvenstvoceetnutn.
986 3591 1110 3651 umquam
1213 3571 1214 3574 Ἴ

234 3649 291 3705 pto
299 3645 416 3704 legendum
426 3659 475 3692 esse
483 3660 545 3708 qnos.
576 3647 856 3706 ilsteuiardeflnitio,uou
866 3647 931 3696 ratio.
1213 3647 1214 3668 ¹
