2436 4192
239 327 299 391 ila
604 321 746 373 aaaron

234 473 311 550 quod
332 476 378 532 est
398 471 596 547 ambiguonrm
617 468 773 545 proprium,
792 487 837 528 res
856 463 930 568 dcp's
949 469 1113 544 significari

181 559 223 620 35
236 575 379 634 videmus.
421 575 496 632 Gom
523 579 583 630 tam
609 587 705 646 pauca
731 571 797 628 sint*
815 589 870 646 gen
902 564 918 578 ”
950 587 1110 638 causarum,
1216 621 1217 632 r

234 676 324 734 etiam
350 677 581 748 argumentorum
606 677 764 745 praecepto
788 687 862 744 pauo
897 655 984 728 'sunt
1012 669 1111 727 traditi

234 779 310 841 sunt,
323 789 341 830 e
354 773 455 849 quibus
468 789 506 830 ea
518 773 672 838 ducantur,
681 771 816 845 duplices
878 771 905 828 i:
927 769 979 828 uni
992 787 1011 826 e
1024 771 1108 828 rebus

234 873 314 947 ipsis,
335 871 420 930 alteri
441 871 570 930 assumti.
613 869 766 928 Tractatio
789 855 804 886 '⁵
819 875 875 928 rtur
898 885 994 928 rerum
1017 869 1107 926 edicit
1216 885 1217 906 ³

234 971 479 1032 admirabiliorem
496 971 666 1046 orationem.
689 987 757 1028 nam
780 970 860 1042 ipsae
882 969 999 1043 quidem
1013 986 1058 1026 res
1073 968 1107 1026 iu
1216 977 1217 984 ’

234 1072 368 1147 perfacili
391 1071 560 1146 cognitione
574 1073 732 1128 versantur.
753 1069 821 1144 quid
834 1069 915 1126 enirn
935 1067 999 1141 jam
1011 1066 1107 1141 seqni-
1216 1049 1217 1102 ἕ

236 1176 290 1239 tur,
311 1173 386 1246 quod
400 1171 522 1245 'quidem
544 1171 613 1227 artis
633 1170 680 1237 sit,
704 1169 761 1226 nisi
774 1168 862 1226 ordiri
879 1167 1051 1233 orationem,
1071 1167 1106 1224 in

233 1287 290 1344 quo
311 1276 361 1328 aut
382 1270 555 1328 concilietur
576 1269 698 1348 auditor?
720 1273 770 1326 aut
792 1267 925 1342 erigatur,
938 1265 959 1300 ⁸⁶
972 1271 1003 1324 ut
1021 1270 1106 1340 paret

233 1385 265 1424 se
283 1365 526 1425 addiscendum?
545 1385 606 1425 rem
631 1367 758 1424 brevitor
780 1385 937 1440 exponere,
959 1371 989 1422 et
1002 1367 1105 1439 probu-

232 1466 338 1533 uiliter,
352 1470 383 1522 et
396 1469 504 1538 operte,
517 1470 557 1532 ut,
571 1465 639 1538 quid
653 1469 763 1539 agatur,
777 1465 902 1538 intelligi
916 1461 1029 1538 possit?
1048 1480 1104 1520 sua

233 1561 423 1624 confirmare?
444 1563 612 1620 edversario
626 1563 780 1623 evertere?
799 1583 890 1640 eaque
904 1565 1020 1622 efficere
1041 1581 1103 1622 non

232 1667 406 1739 perturbate,
423 1664 475 1720 sed
485 1661 608 1737 singulis
620 1663 915 1736 argumentationibus
927 1663 970 1720 ita
982 1665 1103 1720 conclu·
1216 1695 1217 1700 κ

232 1764 344 1832 dendia‚
370 1768 403 1820 ut
426 1762 566 1820 efficiatur
589 1763 664 1835 quod
690 1762 737 1818 sii
751 1779 931 1838 consequeus
958 1763 1004 1830 iis,
1025 1779 1102 1836 quae

230 1868 379 1922 sumentur
388 1863 425 1918 ad
438 1877 578 1936 quamque
592 1879 652 1918 rem
665 1849 912 1920 confirmandam?
925 1867 988 1936 post
999 1861 1101 1919 omnia

232 1965 442 2039 perorationem
452 1961 689 2028 inflammantem,
703 1959 968 2035 restinguentemve
981 1963 1101 2018 conclu-

231 2063 321 2121 dere?
342 2063 403 2120 ilas
416 2065 511 2134 partes
525 2060 762 2132 quemadmodum
775 2065 881 2118 tractet
892 2061 1030 2133 singulas,
1043 2059 1099 2118 dit·

230 2161 308 2217 licile
326 2161 406 2216 dictu
420 2162 464 2214 est
484 2158 540 2212 boc
554 2159 629 2212 loco.
650 2175 706 2215 nec
720 2158 799 2216 enim
811 2176 924 2232 semper
937 2164 1099 2216 tractantur

229 2273 287 2312 uno
314 2255 408 2311 modo.
449 2253 608 2324 *Quoniam
633 2260 731 2314 autem
757 2275 825 2325 non,
851 2275 935 2332 quem
962 2260 1097 2326 doceam,

228 2369 341 2430 quaero,
352 2353 403 2408 sed
417 2367 503 2426 quem
517 2353 649 2423 probem:
670 2356 802 2426 probabo
811 2357 932 2428 primum
946 2375 1023 2426 eum,
1036 2356 1097 2431 qui,

227 2453 294 2530 quid
308 2454 421 2520 deceat,
445 2449 565 2508 videbit.
607 2453 691 2510 Haec
705 2455 785 2512 euim
807 2455 951 2529 sapientia
964 2455 1095 2514 maxime

225 2551 390 2610 adhibenda
402 2549 547 2624 eloquenti
563 2554 616 2619 est,
629 2553 708 2609 utsii
717 2557 886 2626 temporum,
896 2571 1095 2626 personarum-

225 2669 279 2728 que
303 2651 475 2708 mcderaton
514 2650 593 2706 Nam
606 2667 662 2708 nec
679 2669 801 2724 semper,
821 2667 877 2710 nec
889 2654 967 2726 apud
980 2671 1094 2722 omnes,

223 2771 279 2814 neo
305 2756 407 2811 contra
429 2766 540 2818 omnes,
560 2767 616 2808 nec
641 2769 693 2825 pro
714 2753 856 2822 omnibus,
874 2770 933 2810 nec
957 2755 1094 2812 omnibus

165 2855 327 2944 gsseodem
347 2851 433 2910 rnodo
455 2849 610 2907 dicendum
636 2851 765 2908 arbitror.
807 2853 836 2909 is
859 2851 915 2910 erit
938 2871 1009 2927 ergo
1029 2855 1093 2910 elo-

221 2968 321 3029 quens,
334 2954 384 3029 qui
409 2951 476 3010 ³⁶cd
497 2952 536 3012 id.
560 2951 757 3025 quodcumque
780 2950 905 3018 decebit,
922 2953 1030 3024 poterit
1042 2969 1092 3010 ac·

220 3055 403 3110 commodare
416 3053 588 3110 orationem.
632 3051 717 3124 Quod
736 3067 803 3107 cum
815 3051 958 3119 demerit,
972 3055 1043 3120 tum,
1054 3056 1107 3125 ut·

248 3204 269 3236 ⁸⁵
284 3209 310 3250 ct
321 3209 384 3260 paret
397 3207 456 3253 read
465 3205 612 3274 discendum]
644 3204 680 3251 Sic
695 3205 787 3252 tidenter
805 3203 890 3252 correxi
904 3205 1024 3264 vulgatum
1035 3211 1089 3254 ac.-

217 3275 269 3307 aam
279 3262 322 3307 hoo
328 3277 409 3316 parcre
424 3279 446 3310 se
454 3267 485 3310 sd
493 3265 546 3310 disc.
555 3265 650 3325 pertinet
666 3279 709 3310 nou
717 3265 748 3310 ad
757 3269 874 3319 oratores,
885 3268 911 3309 ut
921 3265 1089 3325 praecedentia.

217 3320 256 3366 red
265 3320 295 3366 ad
304 3319 435 3386 auditorem,
446 3323 483 3382 qui
492 3321 607 3379 erigendus
617 3327 658 3378 est,
668 3327 694 3368 ut
702 3327 767 3383 paret
777 3339 800 3369 se
809 3323 839 3370 ad
849 3322 986 3380 discendum,
997 3329 1023 3372 ut
1032 3323 1090 3372 velia

217 3377 302 3426 audire.
334 3377 417 3424 Similis
427 3379 497 3424 forma
507 3379 613 3425 orationis
623 3381 734 3442 sequitur:
750 3397 796 3428 rem
806 3379 901 3428 maniter
918 3397 1034 3439 mponere,
1042 3386 1087 3429 ete.

215 3442 248 3496 ut,
288 3437 314 3482 id
322 3439 410 3492 maur,
421 3436 519 3494 intelligi
530 3438 651 3494 pocritmct
659 3444 683 3485 et
693 3448 728 3495 ut,
739 3441 867 3502 praesertim
881 3439 904 3486 in
917 3441 1008 3498 vicinia,
1019 3455 1089 3502 saepe

215 3494 318 3604 applaudi
328 3494 401 3556 reperi
420 3493 527 3542 inlibris.
560 3495 641 3554 Miror,
651 3499 695 3544 boe
705 3514 744 3546 nec
758 3498 883 3547 Victoriam
893 3514 935 3547 nec
950 3499 1091 3551 hulmum

214 3571 237 3604 vr
262 3572 302 3604 sse.
351 3603 354 3614 ,

243 3633 345 3694 ”adid
365 3633 416 3683 .d.i
447 3633 701 3684 abedmabedven
