2474 4188
474 372 478 380 ,
523 340 659 402 taurus.
961 349 1005 416 4³

130 491 277 568 nunqua
298 491 441 552 industria
456 493 582 554 Rutilius
601 494 673 566 luit3
694 509 768 570 qnae
781 495 843 551 erat
853 496 1006 570 propterea

128 589 245 664 gratior,
259 594 336 668 qnod
361 592 440 650 idem
462 611 598 668 magnum
623 611 727 653 munus
749 592 869 668 dejure
891 609 1005 666 respon·

127 687 397 749 dendisustinebat.
439 693 515 750 Sunt
525 691 587 765 ejus
595 693 741 750 orationes
749 691 887 764 jejunae:
907 689 1006 748 ⁰imul-

128 790 159 842 te
178 792 330 860 praeclara
353 789 490 862 dejure:
511 792 614 848 doetus
633 790 688 859 vir,
708 796 740 847 et
753 788 878 848 (iraeois
901 787 1009 848 litteris

128 887 265 957 emditus,
281 888 420 946 Panaetii
434 890 556 958 auditor,
569 907 659 963 prope
673 889 815 963 perlectus
834 888 866 946 in
882 885 989 946 Stoicis
996 915 1006 953 ς

129 1001 247 1058 quorum
266 998 436 1060 peracutum
457 994 488 1046 et
510 989 581 1047 artis
603 990 722 1062 plenum
745 986 884 1046 orationis
906 1003 1008 1062 genus,

127 1080 213 1148 Pseu
227 1090 329 1144 tamen
350 1087 439 1156 exile,
457 1104 514 1146 neo
538 1087 608 1146 satis
622 1085 753 1161 populmi
774 1084 936 1144 assensioni
959 1101 1008 1142 ao·

129 1186 357 1245 commodatum.
400 1186 500 1260 ltaque
524 1185 585 1254 illa,
610 1202 684 1260 quae
711 1184 825 1260 propria
849 1187 894 1242 eat
922 1183 1009 1256 hujus

128 1281 316 1356 disciplinae,
326 1283 561 1358 philosophorum
571 1284 609 1341 de
619 1302 651 1341 se
664 1283 790 1358 ipsorum
800 1283 909 1358 opinio,
924 1282 1008 1340 firma

128 1379 160 1438 in
174 1381 233 1438 hoo
249 1383 314 1440 viro
326 1387 358 1440 et
381 1383 493 1440 stabilis
517 1383 642 1441 inventa
660 1387 714 1440 est.
756 1383 815 1455 Qui
833 1397 1008 1459 quamquam

127 1478 389 1540 innocentissimus
402 1481 434 1538 in
450 1481 599 1554 judicium
614 1487 735 1540 vocatus
749 1487 836 1552 esset,
846 1478 916 1558 (quo
929 1481 1008 1554 judi-

127 1577 179 1634 eio
190 1581 360 1638 convulsam
372 1581 487 1655 penitus
501 1580 610 1638 seimus
624 1599 688 1638 ease
697 1576 926 1657 rempublicam)
939 1597 1009 1640 oum

126 1681 230 1734 essent
250 1695 286 1734 eo
306 1684 435 1752 tempore
449 1679 681 1754 eloquentissimi
702 1680 761 1737 viri
780 1680 816 1738 L.
842 1679 962 1737 Crassus
975 1682 1008 1736 et

127 1772 173 1832 Μ.
206 1777 356 1834 Antonius
383 1780 561 1846 consulares,
588 1795 685 1836 eorum
710 1777 847 1836 adhibere
874 1782 1007 1835 neutrum

127 1875 233 1932 voluit
249 1875 327 1932 dixit
345 1875 408 1948 ipse
422 1894 473 1949 pro
486 1894 567 1946 sese;
588 1881 619 1934 et
636 1894 731 1950 panea
753 1875 789 1934 o.
810 1876 909 1943 cotta,
930 1875 1009 1950 quod

81 2019 86 2030 .
123 1973 234 2030 sororis
248 1977 312 2029 erat
321 1971 407 2039 tilius,
417 1978 447 2028 et
459 1973 484 2028 is
495 1975 611 2046 quidem
622 1982 720 2032 tamen
730 1978 762 2032 ut
771 1977 886 2041 oraton
907 1988 1008 2046 quam·

127 2087 224 2144 quarn
253 2073 316 2126 erat
340 2069 494 2130 admodum
515 2069 695 2128 adolescens.
747 2071 807 2128 Sed
834 2069 870 2142 Q.
893 2068 1010 2128 Mucius

126 2169 294 2226 enucleate
307 2166 359 2226 ille
373 2167 487 2243 quidem
501 2172 531 2225 et
541 2168 642 2242 polite,
653 2174 685 2226 ut
697 2169 818 2238 solebat,
829 2185 1010 2244 nequaquam

127 2270 229 2323 autem
244 2282 281 2321 ea
295 2265 326 2322 vi
339 2270 426 2339 atque
439 2266 532 2339 eopia,
546 2284 632 2342 qnam
651 2285 745 2342 genus
766 2267 839 2326 illud
855 2265 965 2340 judieii
975 2271 1008 2326 et

125 2363 299 2438 magnitudo
323 2381 430 2422 eausae
456 2367 629 2439 postulabat
677 2367 828 2424 Habemus
852 2365 941 2441 igitur
969 2367 1004 2424 in

122 2463 239 2521 Stoicis
257 2461 416 2536 oratoribus
433 2463 586 2532 Rutilium,
605 2463 628 2496 ⁷⁰
645 2465 788 2522 Scaurum
801 2465 834 2522 in
856 2465 1007 2540 antiquis:

124 2568 279 2636 utrumque
293 2566 391 2620 tamen
407 2563 565 2630 laudemus,
583 2563 720 2638 quoniam
734 2561 866 2638 perillus
880 2581 918 2620 ne
932 2564 1009 2622 haee

128 2662 247 2734 quidem
256 2661 288 2718 in
297 2659 422 2718 civitate
434 2677 540 2733 genera
549 2662 605 2718 hae
615 2661 740 2718 oratoria
749 2663 833 2719 laude
842 2667 1005 2720 caruerunt.

125 2759 210 2824 ,Volo
231 2759 320 2828 enim,
338 2757 415 2816 utin
439 2775 538 2825 scena
555 2758 599 2814 sio
621 2759 710 2816 etiam
723 2759 754 2816 in
779 2760 850 2828 loro,
872 2777 932 2817 non
955 2777 1008 2817 eos

129 2860 216 2916 modo
225 2856 347 2926 laudari,
360 2855 410 2932 qui
423 2853 443 2888 ‘¹¹
454 2854 545 2913 celeri
556 2859 636 2912 motu
646 2859 677 2910 et
689 2855 802 2918 difficili
815 2860 941 2924 utantur,
954 2857 1007 2914 sed

126 2997 132 3005 ’
158 3011 180 3045 ⁶⁸
190 3012 262 3058 multo
270 3009 499 3070 moecdosndajusa]
532 3008 619 3056 lnclino
628 3009 657 3055 ad
668 3007 792 3067 legendum,
808 3007 881 3057 multo
891 3011 1006 3067 malm

128 3069 224 3129 &iura
237 3085 267 3116 sc.
279 3069 368 3130 scripta,
377 3069 436 3131 quod
445 3067 569 3127 elegantius
578 3073 619 3122 est,

157 3149 180 3182 ts
197 3149 236 3196 aad
245 3153 318 3194 tumen
327 3146 401 3208 etita]
432 3146 562 3252 Siwimus
578 3147 650 3194 edidit
660 3146 732 3195 Aldus
745 3161 794 3194 eum
810 3146 873 3196 Junt.
892 3154 944 3198 ante
953 3156 1005 3201 erat

128 3207 170 3254 teis
179 3213 194 3254 t.
207 3207 266 3268 quod
276 3210 300 3252 et
308 3205 417 3252 (instes-us
426 3205 449 3251 in
492 3221 519 3252 ss.
530 3207 620 3268 reperit.
652 3207 719 3253 Esset
734 3205 757 3253 id
772 3221 817 3254 non
826 3207 1004 3270 improbandum,

130 3267 148 3312 si
158 3268 240 3313 soleret
255 3265 335 3311 cinero
344 3262 367 3310 in
377 3265 418 3310 tali
427 3265 594 3312 emrmeratione
602 3265 634 3312 ita
643 3265 727 3328 alloqui
737 3279 803 3314 unum
820 3281 848 3316 ex
857 3269 1003 3328 auditoribus,

131 3339 174 3371 non
184 3324 264 3370 addito
271 3322 367 3370 nomine.

159 3404 181 3436 '¹⁰
190 3403 302 3448 smenon
310 3401 338 3448 ia
345 3401 452 3464 απίΐςιιίε]
468 3399 509 3449 int.
530 3402 611 3450 nostris
621 3403 735 3451 Romanis.
767 3405 826 3451 Sane
834 3403 902 3451 Stoici
912 3412 935 3452 et
945 3403 1004 3453 uati·

128 3461 169 3520 qai
177 3463 278 3507 oratores
287 3473 332 3506 non
342 3459 395 3505 satis
405 3461 521 3506 commode
531 3461 612 3523 opponi
622 3464 741 3510 videntur:
757 3465 797 3510 sed
806 3463 954 3523 intelligendi,
964 3464 1004 3524 qni

131 3535 159 3589 sa.
170 3518 335 3621 Plilwsshiim
352 3533 396 3568 noo
403 3577 408 3590 ι
415 3526 572 3578 cognoverant,
582 3525 607 3566 et
622 3521 693 3569 minas
703 3521 817 3570 subtiliter
823 3522 970 3578 disserebant,
979 3525 1004 3568 et

129 3591 176 3624 sane
186 3578 227 3624 alla
236 3591 261 3623 su
277 3577 362 3622 ttlrtate
370 3577 559 3639 phalosophomm.

157 3655 181 3688 '¹¹
195 3655 262 3702 celeri
270 3658 333 3701 aratu
341 3658 361 3699 tt
369 3653 466 3716 diffieili.
508 3657 583 3704 Maleas
590 3658 688 3718 difficilia
695 3661 737 3712 est,
746 3656 783 3719 qui
789 3657 859 3703 habet
868 3655 962 3702 multum
970 3671 997 3705 ar

133 3713 170 3777 ta,
176 3720 278 3778 argutus,
286 3720 399 3763 venustas.
486 3713 613 3766 idverbtnn
622 3731 708 3778 semper
719 3717 744 3766 in
752 3715 809 3762 vin'o
818 3719 861 3774 est,
875 3714 898 3762 in
908 3715 950 3763 tati
959 3717 997 3780 vt
