2250 4072
151 287 195 351 ω
516 280 651 335 unauna.

153 432 282 488 membra
294 432 444 506 praedam,
457 448 531 507 qnae
542 459 603 493 m
617 430 726 489 Graeci
740 435 857 500 vocant,
868 428 1027 506 ‹lirpertie

153 528 204 586 bat
221 529 382 588 ontionem
396 529 548 587 lubentiua.
591 531 657 586 Hoc
670 530 738 585 loco
752 530 867 596 Bmtm,
882 529 1024 600 Quando·

153 626 271 701 quidem
292 633 323 684 tu
344 629 414 684 lator
436 631 573 694 oratores,
599 626 702 701 lnquit,
725 631 876 700 tantopere
900 628 1026 698 laudaaa

155 727 265 782 vellem
284 725 392 798 aliquid
407 723 547 791 Antonio,
568 730 681 798 praeter
694 725 776 781 lllum
795 726 833 782 de
849 724 968 781 ratione
980 725 1026 783 ali·

154 822 242 879 nendi
263 838 333 879 sane
353 822 463 879 exllem
486 822 625 890 libellum,
648 825 731 895 plura
753 822 859 880 Craaac
885 822 1025 881 libuisset

154 920 288 977 munere.
301 919 460 977 cumcuim
469 919 602 977 omnibus
615 918 784 977 memoriam
794 918 845 987 lui,
854 924 917 977 tum
929 920 1025 979 etiarn

153 1016 339 1090 disciplinam
356 1017 473 1075 dicendi
493 1018 576 1074 uobia
596 1018 788 1091 reliquissent
828 1019 1024 1088 Nam-Scae·

155 1118 240 1172 volae
253 1115 371 1173 (licendi
381 1115 556 1189 elegantiam
568 1115 639 1172 eatis
652 1113 739 1172 exiis
751 1113 1024 1190 orationibua,qnae

154 1213 279 1286 reliquit,
296 1215 434 1269 habemus
447 1212 603 1286 cognitam.
644 1212 761 1286 litargo,
776 1211 852 1269 Mihi
870 1212 992 1287 quidem
1005 1231 1026 1270 a

154 1307 277 1380 pueritia
300 1309 380 1382 quani
404 1310 541 1382 magistra
563 1310 626 1376 snit,
648 1309 775 1383 inquam,
793 1310 845 1366 illa
864 1310 898 1367 iu
922 1313 1024 1385 legem

155 1405 312 1477 Caepionis
325 1405 433 1462 oratic:
447 1406 479 1462 in
490 1423 547 1480 qua
556 1410 587 1463 et
596 1405 752 1464 auctoritas
761 1412 878 1464 ornatur
889 1415 1024 1478 aenatrra,

154 1519 211 1577 quo
223 1519 275 1576 pro
289 1503 391 1560 ordine
408 1503 460 1560 illa
473 1504 616 1572 dicuntur,
634 1510 664 1562 et
683 1503 797 1566 invidia
809 1506 976 1565 connitatur
989 1509 1024 1567 in

148 1600 281 1672 judicum
293 1606 325 1658 et
344 1601 376 1658 iu
390 1606 587 1659 annotatorum
601 1602 767 1670 santionem,
780 1609 882 1661 contra
900 1622 1024 1678 quorum

153 1699 314 1772 potentiam
332 1701 505 1773 populariter
529 1705 589 1757 lum
611 1701 765 1759 dicendum
789 1702 966 1760 fuitmulta
990 1704 1025 1763 in

141 1791 206 1855 'illa
224 1797 355 1855 oratione
379 1798 515 1872 graviter,
538 1801 629 1857 multa
656 1798 770 1865 leuiter,
790 1801 880 1856 multa
907 1817 1025 1873 aspere,

155 1898 246 1954 multa
268 1895 363 1954 tacete
389 1896 470 1954 dicta
496 1901 580 1953 eunte
609 1899 692 1970 plura
714 1896 803 1955 etiam
823 1897 911 1964 dicta,
933 1916 1028 1973 quarn.

154 1995 271 2070 scripta,
293 1996 368 2071 quod
382 2013 421 2052 ex
437 1995 608 2069 quibusdam
626 1994 768 2068 capitibus
790 1994 940 2067 expositis,
963 2015 1025 2057 nec

154 2095 311 2166 explicatis
331 2093 457 2164 intelligi
476 2097 580 2164 potest.
621 2093 689 2162 Ipsa
706 2092 759 2147 illa
771 2091 1041 2161 censoriacontrn

155 2189 211 2247 Cu.
235 2188 397 2244 Domitium
418 2189 561 2257 collegam
587 2190 712 2241 nonest
736 2185 835 2252 oratio,
860 2187 912 2242 scd
937 2195 1024 2264 quani

154 2284 252 2356 capita
264 2300 367 2348 rernm,
384 2287 414 2337 et
432 2280 571 2338 orationis
583 2281 821 2339 commentarium
840 2286 939 2356 paullo
960 2293 1026 2363 ple.

154 2381 228 2438 niue.
250 2383 380 2437 nullaeet
401 2379 480 2437 euim
507 2380 658 2437 alternatio
684 2381 856 2438 clamoribus
883 2401 1024 2460 umquam

154 2479 254 2536 habita
272 2478 435 2551 majoribus.
475 2479 606 2537 Ervom
625 2478 680 2535 luit
697 2478 728 2536 in
746 2480 803 2536 hoc
823 2485 854 2537 et
873 2486 1033 2555 popularia.

153 2576 244 2634 dictio
258 2579 423 2634 excellens:
445 2577 570 2636 Antonii
583 2594 673 2652 genua
689 2577 808 2636 dicendi
821 2581 911 2637 multo
924 2583 1022 2654 apliue

147 2675 278 2750 „indicite
292 2692 375 2750 quam
388 2677 586 2735 concionibus.
698 2720 701 2727 .

101 2785 164 2846 45-
195 2773 340 2835 Hccloco
353 2775 446 2848 ipsum
461 2776 622 2834 Domitium
642 2794 700 2833 nou
714 2775 852 2850 relinquo.
873 2794 942 2834 uam
962 2781 1021 2837 etri

153 2893 213 2933 nou
226 2875 280 2932 luit
291 2875 323 2932 iu
337 2880 479 2931 oratorum
492 2893 619 2942 numero,
638 2873 668 2904 ¹⁰⁰
681 2879 778 2931 tamen
797 2893 882 2947 ponc,
896 2878 967 2934 satie
987 2879 1025 2937 in-

154 2992 190 3030 eo
203 2973 290 3029 suinae
309 2971 447 3028 orationis
467 2977 552 3044 atque
571 2971 690 3042 ingenii,
710 2975 815 3044 quo'ct
835 2968 1023 3048 magistratus

153 3086 314 3141 personam,
342 3072 372 3122 et
391 3070 571 3131 consularem
590 3065 761 3138 dignitatem
781 3075 921 3128 tueretur:
941 3076 1021 3148 quod

153 3166 232 3232 idem
244 3165 281 3220 de
295 3163 330 3220 0.
352 3162 597 3230 Coelimdixerim
607 3163 775 3223 industriam
785 3168 817 3225 in
831 3187 867 3226 eo
877 3188 1021 3231 summam

153 3262 251 3328 luisse,
264 3277 443 3335 summaeque
464 3261 592 3328 virtutes,
613 3263 794 3337 eloquentiae
808 3272 928 3336 tantum,
942 3273 1022 3344 qnorl

181 3413 213 3448 aco
222 3418 295 3484 “im’'
303 3413 376 3472 pom]
391 3412 468 3458 Facile
477 3413 506 3460 ait
515 3413 621 3474 conjicere
627 3423 688 3473 maa.
712 3419 757 3467 Sed
768 3435 824 3478 pono
833 3419 893 3468 idem
901 3425 944 3483 eet,
959 3426 1023 3485 quod

149 3478 237 3531 aarum·
247 3487 270 3520 m
278 3487 323 3536 quo
329 3486 398 3522 ,nemo
406 3471 506 3521 haereat.
