2460 4184
241 281 307 341 ‚103
450 293 451 298 Ν
530 287 532 293 v
597 274 734 330 saurus.

238 419 261 454 ⁰⁴
271 423 426 480 multarum
439 421 624 494 orationum
645 441 716 498 quas
730 421 874 484 scribebat
887 419 962 488 aliis,
984 435 1054 478 cum
1068 435 1113 478 cu·

240 537 310 594 pere
336 522 482 580 videretur
495 521 602 579 imitari
616 521 756 594 Lysiam:
783 519 982 578 Demochares
1004 505 1112 588 autem,

239 619 290 692 qui
303 619 356 677 luit
371 619 564 677 Demostheni
576 619 679 676 sororis
694 619 778 686 lilius,
789 623 820 676 et
836 617 981 675 orationes
995 616 1111 692 scripsit

240 718 368 793 aliquotr
388 723 419 774 et
432 735 529 775 earum
542 734 638 774 rerum
658 716 818 784 historiam,
828 733 902 791 quse
916 719 1000 790 erent
1020 717 1110 772 Athe·

239 816 285 874 nis
299 816 388 889 ipsius
410 819 507 874 aetate
519 797 703 890 gestae,non
718 819 778 877 tam
791 814 938 881 historico,
952 831 1040 888 quem
1051 831 1109 871 ora·

238 900 313 972 torio
324 901 430 988 genere
452 897 630 988 perscripsit.
672 914 716 971 At
729 912 858 972 Charisii
877 915 942 970 vult
963 913 1107 988 Hegesias

237 1031 303 1070 esse
329 1013 442 1082 similis,
469 1013 551 1087 isque
577 1031 609 1069 se
623 1012 665 1070 ita
691 1015 773 1086 putat
798 1011 942 1080 Atticum,
961 1015 995 1082 ut
1019 1029 1104 1068 veros

238 1113 304 1170 illos
319 1129 387 1186 pree
401 1129 433 1168 se
453 1128 546 1186 paene
560 1115 687 1194 agrestes
700 1115 790 1184 putot.
833 1110 876 1167 At
893 1109 962 1184 quid
984 1113 1030 1166 est
1048 1113 1105 1166 tam

236 1210 369 1278 tractum,
388 1214 448 1268 tam
459 1210 610 1278 minutum,
620 1213 680 1267 tam
693 1209 724 1266 iu
738 1210 801 1282 ipsa
814 1203 912 1286 (quam
926 1212 1025 1266 mmeu
1039 1224 1104 1264 con·

235 1303 377 1383 sequitur)
402 1306 603 1366 concinnitate
630 1305 767 1382 puerile?
801 1307 966 1364 Atticorum
994 1305 1103 1363 similes

234 1407 457 1462 essevolumus.
499 1405 626 1478 Optime.
669 1406 782 1462 Suntne
796 1403 883 1478 igitur
896 1404 919 1460 ii
933 1404 1031 1463 Attici
1044 1421 1102 1461 ora-

234 1499 333 1560 tores?
364 1502 436 1576 Quis
464 1519 571 1576 negare
597 1499 714 1576 potest?
745 1504 807 1560 Hos
829 1501 986 1560 imitamur.
1040 1503 1102 1574 Quo

233 1602 329 1670 modo,
349 1601 486 1677 quisunt
512 1605 541 1658 et
567 1600 643 1659 iuter
663 1617 695 1658 se
717 1601 881 1669 dissimiles,
905 1605 936 1658 et
962 1597 1102 1674 aliorum?

233 1699 453 1774 Thucydidem,
466 1699 568 1776 inquit,
577 1699 731 1780 imitamur.
773 1699 900 1773 Optime,
913 1699 940 1756 si
953 1698 1101 1770 historiam

231 1798 370 1867 scribere,
380 1816 439 1858 nou
453 1799 478 1857 si
492 1815 594 1858 causas
608 1799 705 1856 dicere
720 1796 865 1872 cogitatis.
907 1798 1101 1872 Thucydides

232 1897 312 1956 enim
320 1915 413 1956 rerum
423 1901 568 1972 gestarum
578 1898 777 1972 pronuntiator
790 1897 929 1966 sincerus,
943 1902 973 1954 et
981 1897 1098 1970 grandis

231 1996 403 2055 eliamluit:
419 1997 475 2054 hoc
485 1983 1028 2068 lorense,concertatorium,Judiciale,
1039 2012 1098 2052 non

231 2095 371 2154 tractavit
383 2112 485 2168 genus.
527 2096 680 2152 Orationes
704 2100 809 2165 autem,
828 2111 898 2169 quas
917 2092 1100 2172 interposuit,

229 2190 353 2268 (multae
364 2175 443 2248 enim
454 2189 543 2267 sunt)
554 2209 603 2248 eas
612 2208 668 2266 ego
682 2193 799 2248 laudare
809 2195 910 2272 soleo;
930 2192 1040 2264 imitari
1050 2211 1098 2250 ne·

229 2307 285 2364 que
298 2288 414 2362 possim,
429 2288 455 2345 si
469 2287 568 2356 velim,
589 2305 645 2345 nec
669 2289 761 2346 velim
782 2291 911 2358 sortasse,
930 2289 955 2346 si
978 2290 1097 2365 possim.

226 2385 248 2418 ⁹⁵
257 2388 309 2456 Ut,
322 2387 348 2444 si
362 2387 424 2462 quis
440 2387 568 2445 Falerno
591 2386 663 2443 vino
676 2368 847 2457 delectetur,
870 2389 972 2445 sedeo
985 2407 1043 2446 uec
1057 2390 1100 2466 ita

228 2504 317 2564 novo,
331 2491 363 2544 ut
375 2486 514 2561 proximis
526 2486 692 2546 consulibus
706 2469 806 2544 notum
819 2486 910 2558 velit;
931 2504 988 2545 uec
1002 2505 1097 2554 rursus

227 2586 270 2644 its
283 2589 393 2654 vetere,
407 2591 440 2642 ut
461 2585 608 2660 Opimium
628 2590 678 2642 aut
693 2583 833 2642 Anicium
846 2587 997 2667 consulem
1010 2604 1096 2661 quse·

220 2691 287 2744 rat:
310 2681 404 2762 (atqui
415 2701 468 2743 eae
483 2690 570 2744 notae
584 2689 650 2758 snut
663 2685 798 2769 optimae.
813 2685 916 2742 credo:
937 2685 990 2741 sed
1003 2685 1096 2742 nimia

225 2789 341 2846 vetutas
355 2790 414 2844 nec
426 2786 514 2844 habet
526 2769 600 2854 eam,
621 2801 707 2860 quam
719 2783 893 2866 quaerimus,
909 2783 1095 2851 suavitatem,

224 2883 282 2944 uec
293 2883 409 2958 estjam
422 2883 492 2944 sane
506 2867 672 2942 tolerabilis.
693 2901 762 2941 num
775 2882 871 2956 igitur,
891 2882 940 2958 qui
953 2883 1010 2939 hoc
1030 2900 1094 2940 sen·

225 2981 289 3050 tiat,
305 2983 330 3040 si
343 2982 370 3040 is
384 2989 483 3056 potare
498 2984 580 3052 velit,
590 2984 627 3040 de
636 2981 777 3052 doliosihi
788 2977 1094 3054 hauriendumputet?

224 3078 360 3142 minime:
381 3083 433 3164 sed
446 3083 589 3156 quandem
599 3086 733 3157 sequatur
745 3076 895 3156 aetatem.)
907 3079 950 3137 sic
961 3096 1017 3154 ego
1028 3079 1092 3137 istis

252 3214 561 3299 sputamento...]
593 3233 734 3294 siceram.
749 3229 1093 3280 aliaevittoseueneruntmt

222 3292 255 3335 tos
264 3295 373 3335 catones
381 3309 392 3345 ,·
406 3292 464 3336 unde
474 3293 547 3338 locum
556 3291 660 3338 vitiosum
669 3293 763 3352 putabat
777 3293 895 3339 Comedus.

252 3366 274 3436 [³⁵
291 3365 412 3437 Utriquis,
423 3370 476 3430 ete]
508 3369 590 3438 Novae
605 3368 691 3429 periodi
700 3370 737 3417 hic
746 3371 834 3418 initium
851 3375 892 3417 est.
908 3383 960 3417 nam
974 3370 1018 3426 his,
1035 3369 1090 3416 astri

220 3427 742 3544 sumetucauarcms
756 3435 940 3536 t..
954 3443 1028 3538 su
1042 3442 1091 3476 ’ω

219 3490 426 3607 ἔζὲιῖεὲαἱρῖεηᾱῡ,
436 3545 495 3608 qnod
504 3522 549 3594 nou
558 3501 843 3597 mmmvatiffitom
850 3521 916 3595 docti.
931 3504 962 3542 un
1012 3501 1090 3550 pm-
