2474 4188
226 328 269 396 ln
575 309 710 386 eruaris,

225 481 293 536 dem
311 497 370 538 non
390 481 509 539 omnino
529 481 688 558 ingenium,
704 486 756 541 sed
770 483 925 542 oratorium
948 472 1100 558 ingenium

224 577 326 636 deluit.
366 580 470 654 Neque
480 581 558 638 enim
570 583 654 638 refert
669 582 778 650 videre,
790 582 858 658 quid
873 583 1029 640 dicendum
1049 581 1098 649 ait,

223 676 281 736 nisi
295 678 325 734 id
343 696 430 752 queas
444 681 535 736 solute
549 685 580 736 et
598 679 728 738 suaviter
745 681 852 739 dicere.
872 700 909 738 ne
925 667 954 738 id
977 681 1096 755 quidem

222 777 293 834 eatis
307 781 360 844 est,
373 777 430 834 nisi
443 777 482 845 id,
496 779 571 852 quod
582 779 696 847 dicitur,
706 779 745 837 sit
757 797 840 848 voce,
851 781 942 846 vultu,
957 784 1094 854 motuque

222 874 376 933 conditius.
419 876 497 948 Quid
510 876 615 944 dicam,
629 896 699 951 opus
710 897 774 935 esse
784 875 939 936 doctrina?
959 877 1024 934 sine
1039 893 1096 952 qua

222 973 312 1032 etiam
330 973 356 1030 si
374 967 440 1052 quid
456 976 530 1034 bene
551 975 666 1043 dicitur,
688 968 847 1052 adjuvaute
861 981 973 1044 natura,
996 981 1096 1033 lamera

222 1073 262 1141 id,
277 1073 343 1148 quia
365 1073 482 1130 fortuito
501 1073 547 1142 eit,
562 1093 674 1148 semper
687 1081 818 1149 paratum
837 1090 972 1134 essenon
992 1079 1098 1148 potest.

222 1171 257 1229 ln
276 1172 377 1230 Scauri
391 1171 520 1229 oratione
536 1171 558 1204 ⁰⁷
567 1173 706 1246 sapientie
727 1173 852 1231 hominis
866 1179 896 1230 et
907 1173 988 1240 recti,
1002 1171 1098 1246 gravi·

221 1275 265 1328 tas
287 1255 407 1337 summa,
430 1276 461 1326 et
482 1272 620 1330 naturalis
647 1273 787 1346 quaedam
808 1272 903 1329 inerat
924 1271 1095 1340 auctoritas,
1142 1293 1144 1296 ’

205 1358 280 1428 ιιιοιι
306 1350 338 1425 ut
358 1384 484 1436 causam,
503 1370 554 1424 sed
581 1375 612 1426 ut
634 1369 831 1426 testimonium
853 1369 951 1426 dicere
965 1375 1094 1442 putares,

219 1483 353 1540 cumpro
373 1483 422 1523 reo
442 1467 562 1523 diceret.
603 1469 668 1524 Hoc
690 1466 809 1524 dicendi
831 1485 922 1542 genus
944 1469 982 1524 ud
1001 1473 1095 1542 patro·

219 1566 299 1624 ciuia
323 1565 505 1624 mediocriter
531 1571 629 1638 aptum
656 1567 830 1623 videbaturt
851 1567 886 1622 ad
914 1566 1091 1624 senatoriam

113 1657 118 1674 ⁸
220 1682 292 1724 vero
302 1664 581 1738 sententiam,·cujue
592 1669 654 1722 erat
667 1664 719 1721 ille
733 1665 877 1738 princeps,
891 1665 940 1722 vel
956 1665 1095 1722 maximo

175 1774 180 1780 “
219 1764 404 1838 significabat
427 1763 505 1821 enim
520 1775 579 1820 non
603 1762 783 1836 prudentiam
802 1765 989 1830 sotumssed,
1016 1764 1094 1837 quod

220 1865 348 1924 maxime
362 1880 422 1920 rem
442 1863 620 1930 continebat,
641 1862 877 1946 tidem.·habebat
890 1861 975 1918 lroca
989 1866 1091 1918 natura

219 1965 292 2040 ipsa,
313 1965 389 2040 quod
411 1961 574 2021 adoctrina
598 1980 657 2020 non
679 1962 766 2019 facile
786 1965 894 2035 poscet.
923 1979 1095 2036 quamquam

220 2065 305 2137 hujus
320 2081 430 2138 quoque
442 2061 531 2134 ipsius
545 2061 597 2128 rei,
608 2061 846 2136 quemadmodum
861 2060 928 2128 scis,
938 2068 1095 2134 praecepta

219 2166 295 2216 sunt.
337 2159 432 2231 Hujus
445 2164 475 2214 et
485 2158 629 2214 orationes
642 2164 718 2226 sunt,
728 2163 758 2215 et
769 2164 826 2216 tres
840 2161 877 2215 ad
891 2159 926 2216 L.
943 2159 1093 2216 Fufidium

219 2255 295 2322 libri,
306 2254 406 2328 scripti
419 2256 455 2310 de
471 2253 532 2312 vita
545 2253 634 2328 ipsius
648 2260 723 2322 acta,
734 2274 804 2313 sane
815 2257 910 2326 utiles,
921 2275 991 2332 quos
1003 2275 1094 2315 nemo

219 2355 307 2428 legit:
338 2358 369 2410 at
383 2353 457 2426 Cyri
470 2352 563 2410 vitam
576 2358 606 2410 et
626 2352 814 2427 disciplinam
836 2357 952 2429 legunt,
967 2359 1096 2429 praecla-

219 2469 281 2512 ram
294 2451 375 2510 illam
388 2451 513 2526 quidem,
523 2453 575 2508 sed
590 2470 681 2526 neque
698 2458 757 2510 tam
769 2455 856 2510 rebus
872 2455 975 2511 nostris
986 2461 1095 2528 aptam,

219 2569 276 2610 nec
308 2556 406 2609 tamen
430 2551 532 2608 Scauri
558 2551 689 2608 laudibus
726 2534 972 2626 anteponendam.
1025 2555 1096 2627 lpse

96 2725 98 2728 Ι
219 2651 309 2709 etiam
332 2649 462 2708 Fufidius
485 2648 517 2706 in
544 2647 640 2723 aliquo
662 2637 846 2725 patronorum
873 2668 995 2709 numero
1018 2652 1094 2708 luite

166 2765 209 2830 30
221 2751 347 2812 Rutilius
361 2755 457 2809 autem
470 2748 502 2806 iu
516 2749 639 2825 quodam
662 2749 737 2807 tristi
752 2755 781 2807 et
802 2767 906 2806 severo
926 2768 1035 2824 genere
1049 2751 1093 2808 di·

219 2851 306 2912 cendi
330 2853 538 2917 versatus-eet,
562 2853 593 2905 et
616 2853 735 2922 uterque
757 2853 859 2904 nature
874 2849 1046 2917 vehemens,
1060 2853 1092 2906 el

218 2967 296 3008 acer.
337 2951 438 3023 ltaque
462 2963 610 3004 eum-una
622 2947 803 3004 consulatum
825 2945 1011 3019 petivissent,
1029 2965 1090 3004 uon

218 3047 270 3105 ille
293 3049 394 3112 solum,
408 3045 457 3119 qui
484 3047 626 3118 repulsam
647 3046 761 3111 tulerat,
786 3045 938 3102 accusavit
964 3045 1092 3104 ambitus

216 3144 400 3218 designatum
422 3143 650 3216 competitorem,
672 3143 724 3200 sed
749 3143 873 3200 Scaurus
896 3143 985 3200 etiam
1008 3145 1090 3200 abao-

218 3245 304 3309 lutus,
318 3239 459 3298 Rutilium
472 3240 503 3298 in
511 3241 655 3314 judicium
669 3241 808 3298 vocavit:
831 3243 976 3317 multaque
990 3259 1091 3319 opera,

246 3415 270 3451 Μ
279 3411 511 3471 emmeramiano
529 3412 602 3472 ναίὴ]
633 3413 671 3460 Sic
677 3414 737 3460 edidi
762 3429 788 3462 ro
797 3415 854 3470 terti,
865 3429 914 3462 cum
925 3413 1042 3470 Lambiuo,
1067 3414 1092 3460 ui

212 3473 348 3550 lmiuMn.
360 3476 480 3578 repererat..
511 3470 651 3527 Sedsiejam
661 3473 712 3519 edd.
754 3475 790 3520 ed.
809 3473 953 3530 Aldtluut,
964 3477 1006 3520 ete.
1062 3487 1092 3519 on
1149 3509 1154 3520 .

215 3533 558 3649 ffleffit,¹1taffibvirrwtem
568 3543 747 3586 commemorare.
778 3532 843 3581 Haec
851 3532 953 3580 verbaet
961 3547 984 3580 ru
994 3533 1093 3579 Oratore
