2474 4188
501 329 638 384 BRUTUS.
966 343 1012 408 49

135 479 170 540 in
193 477 306 558 senatu.
348 476 432 538 ldenr
456 479 615 538 tolerabilis
638 482 785 552 petronus,
801 497 856 540 noc
876 483 954 542 rudis
975 485 1012 548 in

132 585 200 658 jure
215 582 311 649 civili,
331 586 362 638 et
385 598 454 638 cum
473 580 590 647 virtute,
604 585 667 640 tlun
687 580 779 640 etiarn
795 580 859 655 ipso
871 583 1011 642 orationis

139 701 247 757 genere
261 683 357 740 liber:
385 682 466 755 errius
479 681 626 742 orationes
645 681 727 754 pueri
742 683 927 758 legebamus,
941 702 1012 759 quos

134 783 198 856 jam
208 782 333 856 reperire
347 769 400 840 vix
414 797 572 854 possumus.
615 782 714 855 Atque
727 781 820 840 etism
831 781 962 857 ingenio,
982 789 1015 844 et

141 899 274 940 sermone
288 880 426 954 eleganti,
440 879 609 937 valetudine
628 880 822 949 incommodo,
841 881 876 940 C.
893 881 1015 944 Sextius

142 981 287 1038 Calvinus
297 979 369 1037 tuit:
384 977 510 1053 quistet,
523 977 768 1038 consenserant
776 980 888 1038 dolores
896 981 1013 1054 pedum²

141 1097 200 1140 non
213 1082 315 1136 deerat
331 1078 363 1136 in
386 1077 492 1156 causis,
515 1082 614 1136 tamen
635 1077 667 1134 id
687 1095 748 1136 non
768 1094 856 1152 saepe
876 1077 1012 1138 iaciebat.

140 1180 245 1253 ltaque
259 1177 384 1236 consilio
397 1175 468 1250 ejns,
490 1192 557 1234 cum
580 1177 730 1245 volebant,
748 1176 882 1236 homiues
894 1179 1014 1236 utsbsn—

139 1282 202 1334 tur:
223 1275 395 1350 patrocinio,
422 1277 489 1333 oum
513 1275 631 1334 licebat.
671 1273 693 1308 ⁸²
706 1275 816 1336 lisdem
837 1275 1013 1350 temporibus

142 1375 188 1433 M.
202 1377 318 1443 Brutus,
331 1375 363 1432 in
377 1391 433 1451 qno
448 1390 586 1448 magnum
597 1373 661 1444 luit,
679 1375 779 1443 Bne,
790 1373 948 1434 ¹³dedecus
964 1391 1014 1450 ge·

141 1477 208 1534 neri
227 1479 333 1544 vestro,
344 1476 403 1551 qui,
422 1492 488 1533 cunr
507 1480 589 1533 tanto
607 1475 726 1536 nomine
746 1479 832 1542 esset,
845 1479 1014 1550 patremque

140 1574 285 1647 optimum
299 1575 392 1632 virum
405 1575 554 1632 habuisset
566 1573 680 1647 stjuris
694 1573 909 1648 peritissimum,
928 1587 1013 1632 acorr-

141 1672 286 1730 sotionem
299 1673 487 1742 factitaverit,
497 1679 530 1730 ut
545 1673 672 1730 Athenis
686 1673 849 1747 Lycurgus.
870 1673 896 1729 is
909 1672 1013 1747 magis·

141 1775 232 1829 tratus
247 1789 306 1830 non
333 1751 449 1847 petivit,
472 1773 525 1830 sed
544 1771 598 1832 sun
617 1775 769 1830 accusator
791 1771 960 1840 vehemens,
981 1773 1014 1830 es

141 1875 291 1940 molestus,
311 1878 344 1930 ut
356 1871 444 1930 facile
457 1889 591 1929 cerneres
613 1871 744 1930 naturale
756 1871 899 1946 quoddam
917 1870 1016 1944 stirpis

140 1973 254 2030 bonum
282 1969 507 2042 degeneravisse
536 1969 611 2025 vitio
638 1971 815 2041 depravatae
845 1967 1015 2026 voluntatis.

140 2073 246 2146 Atque
263 2069 368 2126 eodem
380 2073 509 2140 tempore
523 2071 674 2124 accusator
686 2067 723 2122 ds
735 2067 819 2138 plebe
832 2065 868 2124 L.
881 2065 1016 2126 cneiuls

138 2186 196 2228 nus
217 2167 298 2226 lecit.
312 2184 398 2243 quem
411 2183 467 2240 ego
479 2165 651 2238 audivijam
665 2181 775 2232 senem,
787 2181 855 2224 com
864 2166 901 2224 ab
910 2165 946 2226 la.
962 2167 1017 2226 Se·

141 2267 233 2324 bellio
246 2268 385 2324 nnrlotam
405 2263 501 2340 ⁸⁴lege
517 2264 648 2340 Aquillia
660 2267 698 2323 dc
715 2265 831 2339 justit'u
849 2264 1013 2339 petivisset.

142 2365 213 2424 Non
222 2365 357 2423 iecissem
367 2364 494 2423 hominis
504 2383 596 2439 paene
605 2363 699 2424 iolinri
709 2363 1014 2438 mentionemiriju·

144 2465 281 2533 dicarem,
295 2464 344 2539 qui
354 2464 539 2539 suspiciosius
553 2469 603 2522 aut
614 2463 798 2522 criminosius
806 2463 927 2531 diceret,
935 2462 1014 2522 auoi-

144 2564 222 2622 visse
244 2581 292 2625 mc
311 2563 469 2622 nerninem.
511 2564 624 2622 Doctus
646 2563 737 2622 stiam
760 2563 884 2621 Graecis
906 2561 946 2620 Τ.
963 2562 1015 2622 Al·

145 2663 255 2733 hocius,
270 2665 319 2722 vel
333 2661 437 2736 potius,
451 2677 544 2736 paene
559 2663 699 2720 Graecus.
720 2664 828 2737 loquor,
849 2667 881 2720 ut
895 2661 1013 2736 opinor:

145 2764 196 2819 red
206 2763 278 2822 licet
291 2781 331 2820 cx
349 2759 529 2818 orationibus
548 2759 692 2831 judicare.
732 2761 804 2818 Fuit
813 2765 912 2818 autem
922 2760 1015 2817 Athe·

144 2862 190 2920 nis
204 2863 386 2928 adolescens,
400 2859 545 2936 perfectus
559 2859 719 2932 Epicureus
738 2864 881 2927 evaserat,
894 2857 1014 2930 minime

143 2966 243 3035 aptum
253 2962 290 3016 ad
304 2960 460 3018 dicendum
470 2977 571 3035 genus.

182 3061 252 3116 Jern
267 3059 304 3131 Q.
327 3060 458 3127 Catulus,
481 3077 541 3117 non
565 3056 684 3133 antiquo
703 3057 755 3116 illo
776 3073 864 3125 nsore,
882 3057 933 3116 sed
957 3057 1012 3118 hoc

143 3164 242 3220 nostro
251 3155 324 3235 (nisi
344 3157 413 3232 quid
426 3157 489 3216 tisri
502 3162 597 3232 potest
610 3153 779 3235 perfectior)
793 3157 928 3226 eruditus,
942 3161 1012 3218 mul-

173 3333 196 3366 Β
209 3331 294 3382 lislam
304 3337 318 3378 l.
329 3329 363 3379 Μ.
375 3331 480 3395 Brutus]
497 3331 680 3395 saepsitque!
695 3332 769 3380 omisit
778 3333 857 3396 paullo
872 3332 955 3391 durius,
974 3334 1013 3384 ssd

143 3407 173 3444 ne
182 3393 218 3439 bis
227 3397 355 3455 poneretur.

140 3473 196 3580 αἶ’
209 3472 334 3580 domd'scusr.
345 3471 380 3531 a]
409 3470 453 3518 Ed.
465 3471 532 3521 Rom.
543 3473 602 3518 teste
613 3471 690 3530 Rivis,
698 3471 768 3520 habet
777 3471 873 3520 svlnun
888 3471 927 3518 red
937 3471 960 3518 id
970 3483 1014 3520 son

138 3653 142 3660 ,
173 3545 326 3668 Regesne
336 3609 477 3670 domitia]
506 3609 712 3658 consentiuntlibri
723 3609 746 3656 in
756 3606 908 3656 sulcatione.
939 3605 1013 3658 Corri-

141 3667 299 3732 gont'quidam
307 3668 334 3721 lv
342 3667 440 3730 injurio,
450 3670 601 3730 denudent
610 3669 704 3732 opinor:
720 3669 759 3718 vel
767 3667 794 3714 ds
803 3664 927 3724 injustitia,
