2444 4192
233 344 295 404 304
432 331 626 386 ouauolatnn
640 329 867 381 Puartrronna

232 487 403 560 argumento
437 484 539 554 tirm03
572 479 652 560 (quia
678 486 777 539 nmen
806 495 892 553 saepe
918 479 1025 539 falsum
1052 486 1104 550 est,
1135 459 1139 466 ⁴

232 601 317 657 posse
331 588 411 642 recte
425 600 484 640 non
497 582 578 640 credi
588 577 610 656 ε)
630 579 696 639 viro
709 582 788 636 bono
800 585 831 636 et
842 579 933 647 firmo,
947 579 1014 637 sine
1027 579 1103 638 vitio

227 681 417 758 judicia‘non
432 699 515 756 posse
526 695 584 738 non
599 680 687 738 credi.
724 679 823 753 Atque
837 677 934 746 etiam,
948 677 975 735 si
987 679 1103 736 obscuri

233 785 322 838 testes
335 787 427 848 erunt,
446 783 497 838 aut
508 785 620 847 tenues,
639 777 798 836 dicendum
812 776 876 844 erit,
896 794 956 834 non
978 794 1046 835 esse
1065 795 1103 834 ex

233 880 347 937 fortuna
369 879 455 937 fidem
479 878 704 953 ponderandam,
730 880 780 933 aut
807 893 857 932 eos
882 893 946 932 esse
964 877 1102 952 quujusque

234 977 474 1051 locupletissimos
487 981 586 1046 testes,
600 977 649 1052 qui
662 975 702 1044 id,
715 976 751 1031 ue
766 991 822 1048 quo
835 978 945 1049 agatur,
963 973 1102 1034 facillime

233 1077 309 1135 scire
322 1081 441 1151 possint.
484 1076 539 1134 Sin
552 1075 734 1151 quaestiones
745 1073 872 1142 habitae,
883 1077 934 1130 aut
947 1073 1102 1147 postulatio

233 1180 265 1234 ut
292 1177 459 1244 habeantur,
477 1171 626 1233 ⁶⁸curuum
649 1174 845 1248 adjuvabunt:
873 1171 1100 1230 confirmandum

232 1292 324 1348 genus
338 1275 460 1348 primum
470 1274 668 1349 quaestionum
681 1272 758 1330 erit:
779 1272 937 1330 dicendum
951 1272 989 1328 de
1003 1272 1035 1329 vi
1052 1273 1100 1330 do·
1135 1314 1140 1322 .

114 1427 118 1434 .
231 1373 309 1441 loris,
320 1375 358 1430 de
370 1373 508 1447 opinione
521 1373 667 1445 majorum,
685 1369 762 1446 “qui
776 1389 842 1429 eam
855 1388 916 1427 rem
930 1374 1031 1439 totam,
1041 1369 1098 1428 uisi

232 1473 410 1546 probassent,
423 1476 503 1528 certe
516 1470 736 1543 repudiassent3
757 1471 794 1527 de
814 1469 954 1528 institutis
976 1469 1101 1527 Atheni·

232 1571 354 1641 ensium,
368 1569 566 1638 Rhodiorum,
588 1569 818 1626 doctissimorum
842 1570 1000 1637 hominum,
1024 1569 1103 1643 aputi
1217 1601 1218 1638 χ

233 1687 302 1745 quos
316 1653 463 1746 etiam*(id
476 1669 550 1744 quod
567 1667 783 1726 acerbissimum
793 1665 852 1746 est)
865 1667 948 1725 tiberi
958 1667 1100 1742 civesque

233 1772 418 1842 torquentur-3
449 1768 486 1824 de
513 1772 673 1824 nostrorum
700 1764 789 1824 etiam
815 1764 1101 1840 prudentissimorum

232 1867 381 1925 huminum
408 1865 558 1933 institutis,
582 1865 630 1940 qui
653 1881 719 1922 cum
742 1865 779 1920 de
800 1864 893 1922 servis
912 1864 943 1922 in
967 1864 1101 1922 dominos

233 1964 331 2041 quaeri
354 1964 523 2032 noluissent,
544 1964 581 2020 de
602 1963 715 2021 incestu
737 1967 835 2020 tamen
849 1968 879 2019 et
891 1962 1102 2036 conjuratione,

234 2082 306 2140 quae
327 2063 405 2122 iacta
424 2081 470 2121 me
483 2065 603 2121 consule
625 2067 679 2129 est,
706 2063 899 2137 quaerendum
912 2065 1099 2135 putaverunt.

121 2184 122 2188 ¹
231 2160 411 2218 ⁶8irridenda
424 2162 512 2218 etiam
524 2161 682 2234 disputatio
707 2165 761 2229 est,
783 2161 843 2235 q‘ua
866 2161 962 2217 soient
990 2161 1033 2218 uti
1059 2161 1099 2217 ad

230 2258 417 2314 infirmandas
429 2258 621 2331 quaestiones,
630 2263 661 2314 et
671 2259 810 2317 meditata
818 2258 992 2334 puerilisque
1001 2259 1100 2318 dicen·

231 2355 278 2413 da.
320 2355 399 2412 Tum
412 2354 546 2414 facienda
559 2355 640 2424 fides,
654 2356 809 2432 diiigenter
822 2375 886 2414 esse
896 2362 927 2415 et
941 2358 1005 2416 sine
1019 2358 1099 2433 cupi-

140 2439 144 2446 ’
231 2455 323 2514 ditate
337 2454 518 2530 quaesitum:
539 2455 673 2532 dictaque
687 2457 863 2530 quaestionis
878 2459 1061 2533 argumentis
1069 2463 1101 2516 et

180 2562 221 2623 35
232 2555 400 2628 conjectura
410 2555 603 2627 ponderanda.
638 2557 735 2632 Atque
749 2557 822 2613 haec
835 2558 1031 2615 accusationis
1041 2557 1101 2615 iere

232 2713 260 2755 to.
292 2707 475 2770 Gmteropiacet
490 2709 672 2769 cognomario,
688 2711 748 2772 quod
764 2715 814 2758 erat
828 2711 909 2760 inMa
929 2711 978 2760 ru.
1010 2711 1106 2768 veum.

232 2768 292 2829 quod
301 2767 422 2825 subiicitur,
432 2783 477 2816 non
491 2774 525 2816 est
532 2769 701 2828 argumentatio,
713 2769 752 2816 sed
759 2775 912 2827 argumentum
921 2771 995 2817 modo.
1028 2771 1106 2832 Suspi-

232 2826 397 2873 corelectione
413 2827 511 2875 Mediol.
536 2828 648 2888 scripsime
666 2827 813 2876 Ciceronem:
839 2829 922 2876 deinde
936 2831 1047 2885 arnonae,
1064 2829 1105 2874 vel

233 2885 352 2932 omnen:
368 2885 400 2932 ita
407 2887 571 2946 respondebunt
583 2887 623 2934 sibi
635 2907 640 2933 :
651 2886 738 2944 singuli
754 2889 876 2936 tamaius
890 2914 900 2922 -
913 2915 923 2923 -
937 2887 1018 2934 ddnde
1035 2888 1103 2934 ucria

231 2958 280 3000 arg.
312 2943 350 2990 Sic
358 2958 431 2990 rursus
440 2960 459 2990 c.
471 2947 506 2991 at.
521 2960 592 3003 genus
601 2946 731 2992 andoenum
749 2950 773 2991 et
791 2947 878 3004 augutu
895 2951 1019 2994 orcurnrut
1051 2946 1107 2993 Nisi

232 3015 286 3048 vero
295 3000 335 3048 iila
345 3002 414 3048 lectio
424 3005 458 3048 ert
467 3003 575 3050 wmeetio
582 3004 681 3062 alterius,
692 3019 719 3050 ea
735 3020 763 3052 ue
773 3005 867 3064 (ᾔτηη)
877 3020 891 3051 e
900 3005 1045 3066 sequentibus
1060 3005 1107 3052 bue

232 3063 306 3105 tracta
315 3063 357 3106 est.
388 3060 493 3108 Ceterum
502 3063 646 3123 parentheses
656 3019 772 3120 hujusioci
782 3079 825 3110 non
841 3069 933 3111 notatae
943 3079 993 3110 eum
1011 3061 1107 3126 impedi-

231 3120 279 3162 tum
289 3119 313 3162 et
322 3117 437 3165 obscurum
447 3120 525 3166 iecere.
558 3119 636 3181 ltaque
645 3135 683 3168 ens
693 3136 737 3168 sun
747 3136 812 3181 ugrrrs
819 3123 923 3170 remeavi.

259 3193 282 3225 ω
297 3208 384 3245 musam
391 3197 548 3259 mammos]
581 3199 652 3245 Abest
661 3199 691 3244 ab
701 3200 736 3247 ed.
745 3201 803 3248 ven.
815 3215 909 3250 cauum.

260 3271 283 3306 Μ
297 3271 337 3332 qui
345 3288 448 3320 amram
454 3275 535 3334 totum]
567 3276 614 3322 Mn.
626 3276 654 3322 E.
663 3278 699 3324 ed.
709 3279 767 3327 Van.
776 3280 853 3327 delent
862 3295 916 3327 cora
932 3279 1003 3326 Por-te
1013 3279 1104 3328 malim.

259 3353 281 3386 ⁶⁸
295 3351 417 3399 Inridenda
434 3354 517 3414 etiem]
548 3354 596 3400 Ma
616 3355 644 3402 Ε.
661 3363 741 3406 autern.
760 3359 873 3406 Ettven.
894 3358 957 3406 abest
974 3363 1012 3404 est.
1044 3359 1108 3406 Mox

230 3427 304 3460 narsus
312 3411 357 3458 niti
366 3412 458 3472 prouti,
473 3412 531 3458 idem
542 3412 606 3459 liber.
638 3416 697 3463 Tum
703 3417 807 3463 mditotc
820 3418 972 3477 mentm:
988 3419 1109 3477 quomodo

230 3471 334 3517 mediato
344 3473 378 3517 est
388 3470 511 3532 disputatio
528 3473 641 3533 puerilis?
655 3490 683 3520 an
699 3475 838 3523 scribendum
855 3475 951 3532 narratu,
971 3477 1033 3538 quod
1048 3477 1112 3522 nolet

231 3529 384 3599 cumpositis
393 3529 501 3588 conjungi,
512 3535 538 3576 ut
547 3531 610 3578 Brut.
620 3535 654 3579 83.
671 3535 710 3580 Or.
719 3538 754 3580 44.
772 3534 872 3582 :irridet
887 3533 912 3583 ni
926 3539 960 3582 est
970 3551 985 3582 a
994 3534 1111 3582 Cicerone

231 3588 341 3646 medante,
350 3591 384 3636 est
393 3591 471 3648 argute
480 3589 597 3650 exquisita,
608 3597 709 3638 contorta
719 3590 820 3640 ridicule.
888 3637 891 3644 ,
