2474 4188
225 289 269 356 40
591 282 726 336 BRUTUD.

223 436 318 492 sulatu
342 428 428 492 luisse
451 435 595 501 narrabat,
614 451 752 494 canorum
772 437 924 503 oratorem,
937 440 968 494 et
981 432 1094 496 volubi-

223 533 291 599 lem,
305 539 335 590 et
349 535 419 592 satis
434 551 539 601 acrem,
552 537 637 606 atque
651 534 776 590 eundern
789 539 820 590 et
834 535 1047 604 vehementem¹
1061 537 1106 592 et'

223 633 311 690 valde
325 633 449 700 dulcem,
462 639 492 688 et
506 631 683 703 perfacetum
694 631 782 688 luisse
795 631 927 690 dicebat:
955 634 1091 702 addebat,

222 728 391 788 industrium
403 731 500 796 etiam,
510 733 540 794 et
550 729 729 804 diligentem,
740 736 771 786 et
782 729 813 786 in
825 730 1092 798 exercitationibus,

221 827 568 902 commentationibusque
582 830 702 888 multum
716 845 820 901 operae
834 828 951 888 solitum
961 847 1024 886 esse
1042 848 1091 904 po·

105 917 118 938 ’
220 945 300 986 nere.
342 925 400 986 iric
410 927 543 999 optimus,
554 926 612 986 illis
625 926 809 999 temporibus,
832 931 878 984 est
891 932 1025 999 patronus
1040 929 1090 986 ha·

220 1024 307 1093 bibra,
327 1041 418 1098 eoque
441 1025 532 1084 iorum
552 1031 672 1084 tenente
694 1026 773 1098 plura
787 1024 970 1098 fierijudicia
988 1043 1096 1108 coepe-¹

221 1127 296 1180 runt.
318 1141 386 1180 nam
407 1129 441 1180 ei·
456 1123 638 1198 quaestiones
655 1131 818 1196 perpetuae,
833 1124 888 1180 hoc
903 1125 1091 1182 adolescente

219 1221 395 1284 constitutae
407 1226 485 1289 suut,
507 1239 581 1294 quae
597 1228 684 1278 antea
698 1223 800 1298 nullae
808 1220 931 1289 suerunt,
944 1218 994 1298 (L.
1009 1223 1090 1282 enirn

220 1318 297 1384 Piso,
317 1318 446 1378 tribunus
464 1320 556 1392 plebis
574 1322 669 1394 legem
687 1321 793 1392 primns
813 1321 849 1376 de
864 1320 995 1393 pecuniis
1009 1339 1089 1394 repo·

218 1415 1088 1492 tundia'UensorinoetManilioconsnlibustulitipseetiam

213 1515 287 1573 ‘Piso
299 1520 329 1572 et
339 1532 441 1574 causas
450 1515 519 1589 egit,
532 1521 561 1574 et
576 1517 728 1578 multarum
742 1518 900 1590 legumaut
913 1524 1022 1587 auctor,
1035 1523 1088 1580 aut

216 1613 360 1672 dissuasor
382 1613 454 1675 tuit:
482 1614 563 1689 isque
583 1599 614 1672 et
635 1615 779 1674 orationes
801 1615 925 1688 reliquit,
940 1617 1087 1690 quaejam

215 1717 407 1782 evanuerunt,
430 1718 461 1770 ei
481 1715 611 1780 annales,
635 1731 704 1772 sane
729 1713 845 1770 exiliter
868 1711 1022 1791 scriptosr)
1054 1721 1094 1778 et,

208 1809 324 1884 judicia
333 1811 440 1884 populi,
454 1811 555 1886 quibus
575 1813 675 1868 aderat
689 1810 866 1882 Carbo,jam
886 1813 977 1886 magis
991 1819 1086 1886 patro·

213 1927 283 1968 num
296 1910 507 1978 desiderabant,
527 1912 634 1970 tabella
647 1911 730 1966 data:
751 1927 836 1984 quarn
850 1912 944 1984 legem
964 1913 1000 1970 L.
1013 1913 1084 1970 Cas·

214 2010 283 2076 sius,
297 2009 410 2084 Lepido
424 2015 454 2068 et
468 2009 610 2069 Mancino
623 2009 788 2068 consulibus
800 2008 874 2070 tulit.
1001 2003 1003 2008 ’

154 2133 200 2191 23
253 2109 361 2164 Vester
374 2109 463 2164 etiam
483 2109 522 2164 D.
534 2109 659 2174 Brutus,¹
672 2106 714 2164 M.
740 2107 824 2174 tilius,
839 2113 870 2163 nt
890 2126 929 2166 cx
942 2107 1079 2170 familiari

211 2203 273 2276 pus
296 2205 332 2260 L.
349 2205 434 2260 Attio
452 2201 540 2275 po'e‘ta
552 2221 617 2262 surn
629 2204 726 2261 audire
740 2205 851 2272 solitus,
865 2209 895 2262 et
908 2207 1004 2264 dicere
1019 2226 1080 2270 nou

209 2301 321 2358 inculte
331 2302 451 2368 solebat,
464 2305 495 2356 et
509 2306 570 2360 erat
580 2318 647 2360 cum
661 2302 765 2360 litteris
780 2304 904 2372 Latinis,
917 2305 1078 2368 tumetium

210 2397 342 2465 Graecis,
354 2402 384 2454 ut
398 2398 573 2472 temporibus
586 2399 653 2467 illis,
662 2402 797 2458 eruditus.
811 2400 832 2432 ⁶³
844 2403 925 2473 Quae
936 2403 1080 2463 tribuebat

208 2495 289 2554 idern
310 2497 411 2554 Attius
434 2497 524 2554 etiam
538 2498 575 2568 Q.
596 2497 737 2565 Maximo,
755 2500 790 2557 L.
811 2500 906 2558 Paulli
928 2499 1076 2575 ⁰²nepoti:

207 2601 239 2653 et
252 2613 323 2652 vero
343 2601 412 2652 ante
428 2595 599 2665 Maximum,
620 2597 702 2654 illurn
728 2598 904 2672 Scipionem,
926 2619 982 2674 quo
1001 2603 1076 2660 duca

206 2694 321 2769 privato
343 2694 394 2750 'lli
410 2693 560 2752 Gracchus
574 2695 687 2752 occisas
710 2703 796 2764 esset,
816 2715 884 2754 curn
897 2699 1029 2778 omnibns
1044 2700 1078 2764 in

205 2795 290 2850 rebus
314 2794 527 2860 vehementem,
554 2797 615 2849 tum
643 2811 740 2852 acrem
767 2796 864 2866 ajebat
890 2797 920 2853 in
947 2797 1076 2854 dicendo

205 2891 302 2950 luisse.
345 2894 424 2952 Tum
451 2893 539 2951 etiarn
564 2893 598 2950 P.
620 2894 762 2953 Lentulus
784 2895 834 2952 ille
863 2895 1010 2968 princeps,
1037 2899 1076 2954 ad

203 2992 410 3062 rempublicam
421 2993 563 3048 duntaxat
576 2992 651 3066 quod
665 3009 736 3065 opus
752 2997 839 3062 esset,
853 2994 923 3050 satis
937 2995 1073 3052 habuisse

233 3140 327 3192 oona
341 3111 452 3188 carana
463 3145 524 3190 uem
535 3145 573 3204 a]
590 3143 626 3190 sa
636 3145 695 3192 arar
707 3161 749 3206 pro
759 3145 874 3204 aarum,
891 3146 1076 3206 quamnam

203 3198 308 3246 vitiosum
328 3214 375 3246 erse
392 3201 475 3248 dudum
492 3202 603 3260 judicavi:
629 3219 680 3250 nam
715 3205 811 3254 raecedit
829 3206 915 3261 mdabat,
934 3209 958 3250 et
1015 3208 1077 3254 uitur

201 3257 281 3314 aiebat.
313 3259 344 3303 Et
354 3259 384 3303 sic
402 3261 489 3305 notavit
499 3261 666 3307 Alemannnse
707 3277 780 3320 areg.
812 3263 855 3309 Sed
866 3263 934 3309 etiam
943 3263 990 3310 siue
1015 3261 1072 3312 ‘bris

203 3313 247 3360 boc
256 3315 339 3360 dudum
348 3317 428 3375 corrigi
439 3318 522 3373 debuit,
535 3318 615 3379 etipse
624 3320 647 3368 in
656 3325 718 3368 textu
728 3321 876 3368 conexissem.

231 3393 349 3462 “napolir
364 3395 598 3465 etna'dloua‘rnam,
612 3397 679 3444 illum
696 3399 746 3504 Sall
773 3400 810 3468 Sic
828 3400 874 3446 inte
902 3400 960 3448 unxi.
977 3400 1010 3448 its
1028 3417 1074 3450 nou

206 3453 715 3560 atara:sarrana‘ararad
747 3459 858 3566 aa
899 3457 1071 3566 :flamia

206 3516 444 3620 istricatieuldoaimrirun
452 3571 519 3618 illum
527 3529 745 3627 &imm-auaro.
822 3533 851 3577 ⁸⁰
866 3522 916 3566 eat·
937 3523 1016 3576 nm
1066 3523 1074 3564 ι
