2436 4192
466 333 613 384 ORATOR„
913 339 974 400 195

103 484 179 542 tarn:
190 497 373 558 ,numquam
387 479 526 540 orationis
539 479 693 538 faciendae
706 485 737 538 et
750 482 898 539 ornandae
912 500 976 541 auc·

105 586 181 640 tores
192 580 427 653 locupletissimi,
446 578 468 611 ⁵²
477 579 581 637 wmmi
592 581 650 653 ipsi
664 585 803 648 oratores,
817 597 882 638 csse
894 581 978 638 debe-

105 685 166 740 ant.
209 681 269 738 Sed
282 679 346 755 quis
368 679 497 737 omniurn
519 679 642 746 doctior,
655 678 719 754 quis
733 678 855 747 acutior,
870 679 934 753 quis
948 679 980 737 in

103 780 189 837 rebus
203 781 253 836 vel
264 777 462 845 inveniendis,
474 779 522 835 vel
532 777 701 852 judicandis
713 777 807 834 acrior
820 776 980 836 Aristotele

105 875 181 936 ruit?
201 878 265 952 quis
279 894 361 950 porro
373 857 497 936 Isocrati
516 875 590 934 ⁵'est
611 877 780 934 adversatus
799 873 983 950 impensius?
1024 875 1027 882 ’

107 977 140 1034 la
156 975 252 1058 igilur
272 993 386 1035 versum
409 977 442 1034 ia
464 975 597 1035 oratione
624 979 707 1033 vetat
733 993 807 1043 esse,
831 991 983 1034 numerum

101 1073 198 1148 jubet.
239 1074 309 1148 Ejus
323 1077 437 1134 auditor
448 1075 648 1140 Theodectes,
658 1073 690 1130 in
705 1073 804 1146 primis
815 1071 861 1151 (ut
873 1074 984 1132 Aristo·

108 1175 184 1232 ‘tales
198 1191 285 1260 saepe
298 1169 461 1250 significat)
482 1171 591 1245 politus
613 1172 744 1245 scriptor,
763 1177 849 1246 atquc
869 1173 985 1242 artifex,

111 1272 169 1332 troc
182 1273 261 1331 idem
274 1277 305 1332 et
325 1271 416 1330 sentit
429 1276 459 1328 et
472 1270 623 1344 praecipit.
666 1269 884 1344 Theophrastus
904 1289 984 1340 vero,

109 1370 217 1430 iisdem
238 1373 275 1451 de
299 1372 383 1428 rebus
403 1370 495 1428 etiam
516 1368 688 1427 accuratius.
731 1369 802 1442 Quia
823 1387 892 1445 ergo
913 1371 984 1428 istos

111 1469 196 1537 ierat,
214 1469 263 1542 qni
284 1471 338 1525 hos
359 1473 489 1526 auctores
512 1485 570 1525 nou
596 1465 741 1542 probent?
760 1467 846 1526 “nisi
865 1471 985 1528 omnino

113 1569 192 1648 haec
202 1583 267 1624 esse
281 1569 317 1624 ab
329 1567 374 1623 lris
385 1571 537 1640 praecepta
548 1567 692 1624 nesciant.
735 1568 819 1640 Quod
833 1568 859 1625 si
872 1569 914 1624 ita
924 1572 984 1625 est:

115 1683 173 1726 nec
189 1683 259 1724 vero
283 1665 367 1724 aliter
388 1666 540 1724 existimo:
560 1662 681 1739 ⁵⁶quid?
700 1665 758 1738 ipsi
777 1664 836 1721 suis
856 1666 987 1723 sensibus

111 1783 176 1826 non
190 1763 366 1824 moventur?
383 1765 509 1822 nihilne
530 1762 574 1820 eis
593 1763 681 1820 inane
699 1757 837 1820 uidetur?
857 1763 931 1820 nihil
944 1763 988 1821 in·

115 1864 274 1931 conditum,
289 1863 363 1921 nibil
376 1868 499 1928 curtum,
513 1861 587 1918 nihil
601 1862 780 1930 claudicans,
795 1861 870 1918 nibil
884 1861 987 1918 redun-

114 1959 213 2022 canat
234 1963 272 2018 ln
286 1977 372 2017 versu
393 1959 510 2033 quidem
528 1957 671 2014 ⁵⁰theatra
692 1963 753 2015 tota
771 1962 949 2027 exclamant,
963 1959 990 2017 si

116 2061 175 2120 init
188 2075 247 2116 una
260 2059 375 2132 syllaba
388 2055 513 2123 brevior,
526 2043 576 2112 aut
589 2056 713 2130 longior.
753 2057 821 2115 Nec
835 2073 907 2118 vero
919 2060 990 2115 mul·

147 2215 173 2251 ⁸²
181 2214 264 2263 comari
271 2214 315 2274 ipsa·
323 2219 425 2270 οναωνει,
435 2213 496 2276 esra]
519 2212 564 2262 Hic
574 2213 648 2261 delevi
657 2228 705 2276 qaas,
716 2213 775 2276 quod
785 2213 808 2260 in
817 2213 900 2262 manin
908 2215 991 2262 adbae-

118 2279 193 2324 serat:
209 2274 263 2320 facit
272 2275 331 2320 enim
347 2273 464 2321 ridicultnn
478 2289 578 2320 ameum:
594 2273 677 2320 debent
686 2287 734 2319 esse
744 2277 847 2320 auctores
855 2273 962 2320 orationis
973 2273 990 2322 i.

120 2338 177 2380 sto.
188 2333 309 2393 sumpse
319 2336 428 2403 oratopes..
459 2333 519 2384 ttutd
535 2332 595 2379 cnm
609 2331 721 2393 ampliusi'
735 2347 779 2380 non
796 2333 920 2402 similehoc
936 2333 989 2380 illi:

120 2391 255 2462 debebamus
265 2391 307 2438 hoc
316 2406 475 2450 essevrrgrncs.
507 2391 552 2438 Sed
561 2390 637 2460 deleto
653 2406 694 2460 pre
704 2406 778 2436 sensus
794 2394 1007 2460 opbnus'estnoa-

119 2450 176 2498 ullos
190 2455 292 2496 auctores
305 2453 320 2497 l.
331 2455 355 2496 et
364 2465 386 2497 o
399 2465 421 2496 o.
437 2463 554 2508 awosoere
563 2453 588 2494 et
601 2449 684 2495 aroitan
699 2449 812 2503 debemus,
823 2463 875 2508 qura
890 2463 932 2508 rpsr
942 2452 993 2494 sunt

121 2511 221 2555 oratores
231 2507 668 2611 summigrorumcxcmplumimitarlo
696 2513 750 2552 rtet.
782 2505 993 2566 Delevitetmargo

122 2568 159 2616 cd.
174 2565 315 2613 Vcn.etFr.
349 2567 413 2624 ryph.
446 2563 653 2612 Deindeed.Veu.
706 2565 777 2611 ebant.

151 2646 175 2679 ⁵³
190 2642 357 2692 manontes
370 2641 509 2703 impensu]
539 2643 590 2690 Hoc
605 2647 640 2688 est
655 2641 790 2701 auruum
805 2643 835 2690 ab
848 2644 911 2692 Aldu
918 2644 994 2702 irator-

122 2706 177 2759 eius,
193 2703 253 2764 quod
265 2704 298 2746 est
312 2704 336 2746 et
352 2699 376 2770 in
386 2700 421 2746 ed.
434 2699 501 2769 ¹lips.
512 2699 600 2762 Gryph.
620 2701 668 2748 Ms.
679 2700 741 2770 vit„
761 2702 794 2748 nt
809 2703 860 2750 edd,
871 2707 925 2750 anta
939 2704 993 2750 Alc.

124 2763 192 2812 abiam
200 2759 471 2818 advocationem.
488 2759 547 2818 quod
556 2773 595 2806 cur
604 2763 714 2806 mutatum
724 2763 760 2815 srt,
770 2773 815 2806 non
822 2761 896 2806 video.

153 2841 175 2876 ⁵⁴
189 2839 237 2887 oiri
251 2865 261 2873 -
279 2837 408 2897 -con'aatt
424 2835 486 2882 edidi
502 2837 590 2906 exedd.
607 2851 642 2898 pr.
658 2841 683 2883 et
699 2837 761 2907 [ips.
792 2840 827 2885 At
837 2837 997 2906 'Aldus-dedit

123 2904 241 3008 iil-imm
249 2897 359 2953 maclam,
371 2895 431 2956 quod
441 2898 466 2940 et
474 2891 522 2942 Ma.
533 2894 583 2942 vn.
594 2895 670 2976 habet,
681 2899 705 2942 et
718 2900 855 2954 srcvoorrexrt
867 2910 945 2956 margo
959 2897 994 2944 ed.

157 3038 178 3072 ⁵⁵
192 3035 246 3096 prtia
254 3034 298 3093 ipsi
307 3034 354 3083 tuis
366 3033 466 3082 amabar
474 3047 520 3081 aaa
530 3033 663 3094 measa]
694 3031 745 3080 lice
754 3034 817 3080 nollo
831 3033 898 3082 modo
912 3039 997 3084 rectum

129 3112 177 3144 esse
187 3099 261 3156 potest
271 3109 311 3155 per
323 3092 450 3155 sequentia:
467 3091 577 3153 inquibus
588 3092 702 3149 jubentur.
733 3091 846 3140 Orationis
857 3109 930 3142 sensus
945 3101 995 3144 est:

120 3156 147 3204 ,si
156 3155 190 3201 ita
199 3153 262 3208 esti.
270 3167 290 3198 e.
300 3153 318 3199 si
329 3153 511 3221 baecpraeospta
519 3151 635 3210 ignorant3
650 3151 715 3196 etita
722 3163 770 3196 esse
777 3151 883 3199 arbitror:
900 3155 997 3204 mabar

128 3217 205 3260 brnen
215 3211 297 3258 debent
311 3225 402 3266 mosen,
413 3210 501 3266 sentire,
511 3210 554 3256 ista
563 3223 680 3256 numerosa
694 3223 741 3256 esse
750 3210 825 3270 pulcra
835 3217 859 3257 et
867 3214 994 3274 probanda·

129 3283 186 3334 qnae
196 3285 240 3317 non
250 3270 301 3324 sint,
311 3269 334 3314 in
344 3269 370 3314 iis
380 3283 435 3323 esse,
450 3269 509 3374 ffiod
518 3271 595 3314 contra
605 3268 642 3316 aa
674 3267 709 3314 Ex
719 3267 752 3314 lris
767 3273 868 3340 apparet,
879 3249 997 3330 legendarii

123 3345 190 3388 ¹csse:
207 3328 279 3390 prid?
292 3328 335 3384 ipsi
345 3327 391 3374 suia
400 3327 457 3385 anui
488 3343 497 3374 a
512 3342 556 3374 two
570 3329 701 3374 meatur?
718 3328 785 3389 idque
801 3333 834 3375 sta
843 3330 998 3388 evicemjudi·

128 3388 186 3443 cavi,
198 3385 256 3433 urin
274 3391 359 3432 textum
368 3385 468 3446 recipere
477 3401 521 3432 uon
531 3385 663 3434 dubitarem.
694 3379 746 3434 Huc
761 3387 843 3435 alludit
858 3388 927 3434 lectio
940 3401 999 3433 mar·

130 3446 233 3506 gidsed.
245 3445 302 3492 Ven.
314 3445 351 3506 qul
359 3445 413 3504 orsio
422 3457 480 3490 corr.
491 3445 554 3504 qaod.

159 3525 182 3558 ὅθ
196 3525 281 3570 theatro
291 3527 305 3568 t.
317 3523 457 3583 excusant]
488 3521 609 3570 iambicus
624 3537 681 3574 corr.
698 3525 825 3572 restaurant.
842 3521 912 3570 etiam
928 3519 1001 3566 ecus

128 3593 195 3633 orare
202 3581 225 3630 in
234 3583 293 3629 hooc
303 3581 437 3644 deteriorem
445 3595 531 3629 sensum
541 3581 630 3630 dicituu.
