2460 4184
490 353 626 404 rannus.
729 431 733 436 Ι
954 353 1001 415 72

119 499 255 576 judicum
279 503 435 560 admovere
459 503 627 570 orationem,
648 505 794 577 nmquam
813 497 915 558 lldibus
937 512 996 556 ma·

126 615 205 656 num.
248 601 331 658 Idem
344 601 371 659 si
383 602 558 674 praeteriens
574 587 742 674 adspexerit
763 604 875 656 erectos
893 594 996 654 ”intu-

127 703 211 755 entes
224 698 351 771 judiees,
365 704 397 756 ut
409 706 459 757 aut
474 701 573 759 doceri
586 701 623 758 do
644 717 684 767 re,
698 699 785 774 idque
805 695 896 754 etiarn
915 696 998 753 vultu

127 799 248 870 probare
261 797 430 856 videantur:
444 803 503 868 aut,
516 804 547 857 ut
560 815 648 857 avem
661 804 748 856 cautu
759 795 866 871 aliquo,
876 794 920 852 sic
932 792 998 850 illos

128 898 235 955 viderit
248 899 387 967 oratione,
402 901 483 974 quasi
495 917 658 974 suspensos,
671 898 779 956 teneri:
801 901 859 965 ant,
876 896 908 952 id
921 892 998 970 qnod

128 997 255 1054 maxime
269 1015 340 1071 opus
354 1004 407 1067 cst,
421 999 628 1064 misericordia,
647 997 725 1065 odio,
738 1001 818 1054 motu
834 991 925 1051 enimi
945 991 997 1050 ali·

129 1111 184 1168 quo
197 1097 376 1168 perturbatos
390 1115 454 1154 esse
475 1096 698 1154 vehementius:
720 1111 756 1153 ea
775 1093 801 1150 ai
822 1090 999 1166 praeteriens

122 1189 173 1267 (nt
186 1191 265 1272 diui)
278 1195 453 1268 adspexerit,
466 1195 492 1253 si
506 1193 579 1252 nibil
593 1193 725 1262 audierit,
738 1198 836 1250 tamen
855 1194 999 1247 oratorem

129 1291 239 1350 versari
252 1291 284 1350 in
303 1293 356 1351 illo
374 1293 497 1367 judicio,
511 1299 541 1350 et
559 1291 660 1368 ”opus
680 1291 836 1350 oratorium
856 1287 929 1358 fieri,
948 1291 999 1345 aut

128 1389 287 1464 perlectum
294 1392 358 1465 jam
372 1410 444 1460 ease,
457 1393 586 1466 prolecto
599 1391 753 1467 intelliget.

138 1525 142 1532 ·
169 1489 247 1547 cum
259 1491 332 1548 lineo
342 1489 550 1559 dissemissem‚
560 1495 678 1566 uterque
687 1505 820 1547 assensus
831 1492 884 1556 est,
898 1491 929 1543 ct
942 1501 997 1561 ego
1007 1490 1051 1552 55

128 1591 269 1662 tanquam
281 1587 317 1645 de
326 1589 440 1664 integro
453 1589 578 1660 ordiens,
590 1589 714 1661 Quando
723 1587 819 1662 igitur,
839 1586 966 1661 inquom,
979 1599 999 1640 a
1124 1571 1130 1578 ’

129 1685 220 1742 Cotto
233 1689 264 1743 et
283 1686 413 1760 Sulpicio
438 1687 620 1746 haecomnia
643 1685 728 1744 fluxit
754 1686 933 1753 orationum
945 1683 999 1740 hos

129 1784 256 1843 maxime
275 1785 392 1859 judicio
416 1786 532 1846 illorum
557 1785 716 1853 bominum,
739 1790 770 1843 et
792 1783 871 1842 illius
893 1785 998 1843 aetolis
1024 1847 1031 1854 ,

129 1883 271 1942 dixissem
296 1883 440 1956 probatos,
462 1884 639 1942 revertarad
662 1899 712 1940 eos
733 1882 829 1956 ipsos:
850 1887 910 1940 tum
933 1881 999 1938 reli·

129 1996 211 2056 quos,
224 1985 258 2036 ut
271 1977 396 2046 institui,
409 1979 547 2052 deinceps
569 1997 731 2053 peraeqrmr.
772 1980 918 2054 Quoniam
931 1993 1001 2050 ergo
1087 2001 1093 2006 ·

127 2083 278 2138 oratorum
291 2077 431 2134 bonorum
444 2072 513 2153 (hoc
527 2075 606 2133 enim
629 2073 804 2154 quaerimus)
817 2078 875 2133 duo
893 2089 1001 2150 genere

128 2181 206 2244 runt,
221 2189 311 2232 unum
334 2177 483 2257 attenuata
506 2193 668 2252 presseque,
681 2179 803 2234 alterum
816 2178 928 2234 sublate
941 2191 999 2234 am·

129 2276 234 2349 pleque
247 2273 425 2331 dicentium:
445 2273 500 2331 etsi
511 2275 543 2332 id
554 2274 656 2332 melius
670 2279 723 2344 est,
733 2275 808 2351 quod
819 2273 998 2350 splendidius

131 2378 160 2428 et
171 2371 415 2446 magnificentius,
425 2377 522 2431 tamen
542 2373 574 2436 in
587 2373 670 2430 bonis
681 2373 788 2442 omniu,
802 2389 875 2448 quae
886 2389 999 2431 summa

130 2476 205 2539 sunt,
226 2471 301 2544 jure¹
320 2471 479 2528 laudentur.
522 2471 583 2528 Sed
605 2473 739 2529 cavenda
766 2476 811 2528 est
834 2489 932 2544 pireaeo
953 2469 998 2528 illi

130 2570 235 2628 oratori
254 2569 353 2643 inopia
373 2574 402 2626 et
421 2567 575 2643 jejunitas:
588 2571 694 2642 'amplo
712 2575 809 2626 eutem
822 2569 955 2626 infletum
967 2569 999 2626 ei

130 2673 293 2742 corruptum
319 2667 458 2724 orationis
476 2683 576 2740 genus.
617 2664 794 2724 Inveniebat
813 2663 901 2740 igitur
912 2669 999 2724 acute

131 2769 229 2834 cotta,
241 2765 359 2824 dicebat
380 2782 451 2838 pure
465 2781 499 2821 ao
513 2765 622 2820 solute:
643 2770 673 2822 et
693 2768 726 2822 ut
739 2767 775 2822 od
802 2765 1000 2821 infirmitatem

130 2867 253 2922 laterum
266 2863 445 2939 perscienter
470 2861 691 2922 contentionem
711 2877 829 2917 omnem
839 2859 999 2926 remiserat,

131 2963 173 3020 sic
187 2964 225 3019 ad
250 2961 354 3019 virium
378 2959 611 3018 imbecillitatem
624 2957 742 3015 dicendi
762 2957 1000 3015 accommodabat

119 3079 232 3135 ¹genus.
274 3059 358 3116 Nihil
385 3057 491 3118 eratin
515 3057 577 3132 ejus
604 3055 734 3114 oratioue
761 3055 819 3114 nisi
845 3051 998 3128 sincerum,

131 3159 207 3216 nihil
221 3157 279 3216 nisi
297 3157 417 3226 siccum,
441 3162 526 3233 atque
550 3173 669 3213 sanum:
690 3154 818 3230 illudque
830 3155 997 3225 maximum,

86 3321 88 3328 Α
131 3255 217 3332 quod,
230 3273 299 3314 cum
311 3256 498 3314 contentione
508 3253 648 3312 orationis
671 3253 790 3312 flectere
803 3253 914 3315 animos
922 3254 998 3327 judi-

160 3415 185 3450 ²²
197 3415 413 3476 summumst
429 3429 458 3462 aa
469 3419 587 3462 mom.
616 3415 663 3461 ase
676 3415 734 3462 nee
742 3383 821 3463 mnus
836 3415 931 3463 meaos
943 3416 1000 3473 joa..

131 3475 193 3522 liam
201 3474 369 3536 neeimplieiter
378 3474 424 3520 diei
436 3475 550 3531 imnum,
560 3475 639 3520 dunum
648 3479 688 3520 est.

133 3551 290 3674 mwmsse.
299 3551 372 3616 fieri]
401 3551 462 3603 Fieri
470 3552 501 3614 id,
511 3551 571 3615 quod
579 3555 690 3602 omnum
699 3553 772 3602 lacere
781 3549 892 3609 mevenit,
902 3553 926 3603 ei
935 3548 964 3595 &b
973 3557 1009 3596 ΕΦ
