2436 4192
477 369 619 420 culros.
923 377 981 436 131

106 535 172 576 nou
191 517 343 576 honestum
362 514 428 576 est?
449 519 492 576 At
508 517 558 590 jus
571 516 742 592 profitentur
755 517 854 585 etism,
872 519 921 592 qui
933 537 982 578 nc·

109 616 224 674 wirnt:
258 614 439 691 ⁰eloquentie
459 621 566 684 eutem,
592 616 638 674 illi
664 616 732 690 ipsi,
752 615 800 691 qui
833 616 983 674 consecuti

109 719 188 782 sunt,
211 719 309 774 tomen
329 732 363 772 se
387 716 486 774 volere
511 715 704 783 dissimulent,
727 720 881 789 propterea
906 714 983 788 quod

108 810 284 885 'prudentio
317 814 480 872 homiuibus
506 819 588 888 grute
623 817 677 881 est,
709 814 810 889 lingue
837 817 982 887 suspecto.

109 913 191 970 Num
204 913 292 988 igitur
301 919 351 972 eut
365 916 454 972 lutere
465 913 632 988 eloquentia
645 917 758 987 potest:
774 911 843 972 ⁸uut
855 912 896 981 id,
906 912 984 988 quod

109 1009 281 1080 dissimulat,
294 1011 409 1088 effugit:
430 1017 481 1070 out
494 1017 540 1070 est
553 1011 721 1085 periculum,
733 1030 772 1070 ne
785 1012 848 1087 quis
861 1011 983 1086 putetis

109 1127 220 1185 mogun
226 1115 287 1168 erte
298 1116 328 1170 et
338 1113 473 1185 gloriose.
483 1116 565 1184 turpe
574 1127 637 1168 esse
648 1113 753 1168 docere
767 1111 840 1168 elios
853 1109 893 1179 id,
906 1113 983 1185 quod

108 1207 166 1282 ipsi
180 1209 266 1268 luerit
279 1209 516 1269 honestissimum
528 1207 665 1268 discere?
690 1212 738 1268 Ac
751 1211 872 1267 fortusse
890 1209 982 1268 ceteri

109 1308 268 1366 tectiores:
300 1327 359 1384 ego
385 1325 500 1382 semper
525 1325 572 1366 me
594 1297 732 1366 didicisse
754 1326 823 1384 prae
846 1325 895 1366 rue
917 1307 980 1366 tuli.

104 1405 296 1482 ’Quideuim
310 1427 431 1483 possem,
445 1425 512 1466 cum
528 1414 560 1467 et
580 1410 736 1467 ebluimem
754 1409 933 1476 adolescens,
949 1411 982 1466 et

102 1508 213 1566 luorum
222 1507 381 1566 studiorum
390 1525 477 1566 causo
487 1525 565 1566 urere
573 1509 750 1577 transissem,
761 1513 791 1566 et
804 1505 981 1566 doctissimo

105 1603 277 1663 hominibus
297 1607 407 1664 -relerto
424 1609 523 1666 domus
548 1612 634 1676 esset,
661 1614 693 1666 et
719 1608 834 1682 almuse
860 1607 980 1664 fortusse

104 1703 241 1763 inessent
254 1704 285 1764 iu
299 1723 432 1764 sermone
453 1713 551 1764 nostro
560 1707 757 1764 doctrinarum
773 1701 884 1762 notes?
903 1720 981 1762 cum·

105 1819 163 1878 que
179 1805 267 1878 volgo
280 1805 388 1878 scripto
401 1812 500 1864 nostra
513 1808 688 1880 legerentur,
708 1804 919 1862 dissimularem
933 1819 982 1860 me

105 1900 269 1962 didicisse?
288 1903 309 1935 ¹⁰
318 1904 397 1975 Quid
407 1909 479 1972 erut,
492 1921 544 1960 our
556 1906 717 1977 probes-em,
728 1902 786 1960 nisi
794 1903 870 1978 quod
880 1917 982 1975 purum

103 2001 229 2058 fortusse
250 1999 450 2074 profeceram?
480 2001 565 2074 Quod
588 2017 655 2058 cum
677 2002 720 2059 ito
742 2001 800 2058 sit:
822 2005 922 2058 tumen
935 2009 1034 2070 emm

102 2117 183 2176 quoe
197 2115 283 2174 supro
294 2099 375 2158 dictu
388 2103 464 2167 sunt,
485 2101 548 2173 plus
572 2099 603 2158 in
623 2099 808 2173 disputando,
830 2114 916 2174 quom
935 2113 981 2166 eo,

103 2197 261 2273 dequibus
282 2195 440 2254 dicendum
463 2185 518 2263 est,
533 2191 699 2270 „dignitutis
718 2196 890 2256 habuerunt.
931 2195 981 2252 Do

104 2296 204 2356 verbis
217 2295 297 2354 euim
310 2295 527 2370 componendis,
541 2297 622 2353 etde
636 2296 759 2370 syllabis
773 2297 980 2370 propemodum

105 2393 321 2453 dinumerandis
343 2400 374 2452 et
386 2394 573 2454 dimetiendis
587 2396 754 2469 loquemur:
775 2413 850 2470 quoe
864 2393 980 2454 etimnsi

105 2498 182 2562 suut,
210 2493 296 2551 sicuti
322 2494 395 2550 milri
411 2493 562 2560 uidentur,
586 2493 760 2559 necessarie,
785 2498 883 2550 tumen
907 2493 981 2550 liunt
1023 2547 1036 2564 „

105 2591 349 2666 magnificentius,
360 2607 444 2664 quom
453 2592 609 2648 docentur
623 2591 678 2647 Est
689 2589 719 2647 id
733 2591 854 2648 omuino
867 2605 979 2658 verum,

109 2693 159 2750 sed
175 2689 289 2766 proprie
303 2689 334 2745 in
351 2688 409 2746 hoc
432 2688 546 2746 dicitur.
575 2705 643 2746 nem
663 2689 791 2746 omnium
813 2705 981 2762 magnorum

136 2847 147 2878 ⁶
163 2844 285 2906 elsqsressts'o
294 2847 368 2891 uuum
377 2869 403 2878 ··
414 2847 487 2889 tumen
504 2857 525 2889 se
539 2843 611 2890 ualere
626 2841 787 2903 dissimulant]
819 2841 857 2888 ste
870 2840 907 2886 hic
918 2840 980 2886 locus

109 2905 228 2952 exhibetur
236 2904 259 2950 iu
269 2904 321 2950 edd.
340 2903 397 2949 Veu.
410 2903 475 2949 Med.
487 2902 541 2948 Ald.
559 2901 621 2947 Juut.
632 2901 692 2962 quod
702 2899 776 2946 nescio
784 2915 824 2946 cur
832 2902 942 2946 mutatum
951 2898 982 2946 sit

107 2963 239 3022 inculpatis
248 2961 423 3022 insequendum
431 2985 442 2996 -
450 2987 460 2996 ·
470 2965 543 3007 tumen
552 2975 577 3006 eu
586 2973 608 3006 sc
617 2960 690 3006 colere
699 2959 848 3005 dommulum.

138 3041 151 3076 '¹
163 3040 303 3102 prudentio]
334 3040 390 3087 Vas.
401 3039 469 3086 lectio
475 3039 498 3086 iu
508 3039 544 3085 ed.
555 3037 613 3085 Veu.
623 3037 738 3094 pudentia.

136 3121 147 3154 ³
161 3125 202 3167 out
210 3120 242 3176 td,
249 3120 310 3188 'prod
321 3119 454 3177 dissimulet,
472 3119 563 3179 effugit]
580 3131 621 3164 scr.
629 3115 793 3173 dissimulatur,
803 3115 891 3176 effugit,
901 3131 930 3164 sc.
941 3131 979 3166 uo·

109 3178 184 3226 titiam
193 3179 315 3225 hommum.

136 3258 148 3291 ⁹
161 3257 226 3310 onis
233 3258 294 3304 enim
302 3258 402 3318 possem]
434 3257 479 3305 Hie
488 3259 550 3304 locus
560 3259 595 3303 est
604 3255 719 3303 manifeste
728 3254 833 3302 vitiosusr
848 3256 904 3316 estid
919 3256 980 3304 enisu

105 3331 225 3376 porsena
235 3317 401 3363 dtisss’snuluresu
413 3331 454 3372 me,
468 3320 510 3363 etc.
543 3315 588 3362 Sed
604 3315 728 3373 corrigendi
737 3313 853 3386 multiplex
869 3315 978 3372 rotioest,

109 3389 151 3422 uec
159 3374 215 3422 certi
224 3374 278 3436 quid
288 3375 334 3421 siue
343 3373 407 3420 libris
416 3389 464 3421 esse
472 3379 553 3436 potest
583 3374 607 3420 N
608 3389 644 3420 asu
654 3378 727 3435 potest
737 3371 829 3432 corrigr:
846 3373 913 3428 Quid
920 3375 979 3420 ens'm

119 3433 299 3538 mnissotcpossem)
308 3459 318 3468 -
327 3459 337 3468 -
346 3433 525 3480 dissimularem:
540 3433 606 3480 item:
622 3433 671 3486 Qui
679 3433 740 3480 mim
746 3447 845 3489 ponem
855 3461 865 3469 -
875 3432 979 3479 assumo

119 3506 166 3548 ors,
177 3507 190 3538 e
214 3526 219 3538 .

136 3571 157 3603 ¹⁰
171 3570 236 3622 Quid
247 3575 300 3627 erut,
311 3570 493 3631 curmolensem]
524 3569 575 3618 lloc
589 3584 677 3632 quoque
693 3569 730 3616 vix
744 3573 829 3618 rectum
846 3571 887 3614 est.
918 3565 982 3612 sue

107 3627 176 3676 bueus
186 3629 346 3690 interpretaur
354 3630 435 3687 locum,
446 3633 550 3690 tunquam
561 3629 603 3676 sit:
614 3629 663 3688 quis
672 3631 727 3683 ml,
735 3628 773 3673 ossi
780 3623 911 3682 moturus?
920 3622 979 3684 quod

108 3687 419 3750 nemobonusjudesprobet.
449 3686 548 3738 sutor:
563 3688 681 3748 pudent,
696 3682 877 3746 pumturum?
985 3711 989 3716 -
