2460 4184
220 334 281 394 104
576 287 711 374 BRU'rtis.

216 475 243 532 ai
260 489 333 548 opus
346 477 419 542 erat,
440 473 541 532 detuit
582 473 752 548 Quinetiam
765 473 895 543 memini,
908 491 977 534 curu
996 476 1030 536 in
1043 471 1089 536 as-

216 574 368 650 cusationc
394 589 447 631 sua
475 575 511 645 Q.
532 573 632 631 Gallio
652 572 769 630 crimini
790 573 926 642 dedisset,
947 575 1005 632 sibi
1024 593 1089 634 eum

218 692 365 733 venenum
389 673 546 750 paravisse,
567 673 654 748 idque
678 690 696 730 a
721 691 753 730 se
781 691 845 730 esse
868 674 1088 746 deprehensum,
1188 719 1195 740 ,

217 791 337 850 seseque
360 772 560 846 chirographa,
578 761 808 839 testificationes,
822 771 942 840 indicia,
966 773 1090 846 quaesti·

217 891 299 942 ones,
325 869 508 930 manifestam
541 888 604 928 rem
630 870 741 928 deterre
767 869 887 938 diceret,
914 871 1008 945 deque
1051 887 1087 929 eu

218 972 341 1032 crimine
367 965 502 1028 accurate
526 973 556 1026 et
575 969 719 1044 exquisite
742 968 966 1043 disputavisset:
987 987 1036 1026 me
1059 970 1090 1028 iu

218 1070 429 1146 respondendo,
451 1086 519 1126 cum
538 1085 632 1126 essem
652 1072 875 1142 argumentatus,
888 1071 1026 1144 quantum
1044 1085 1089 1126 ras

219 1165 345 1238 terebat3
365 1169 422 1226 hoc
444 1167 539 1241 ipsum
563 1165 653 1223 etiam
677 1163 806 1240 posuisse
833 1183 884 1242 pro
911 1171 1090 1240 argumento,

219 1269 295 1344 quud
308 1268 369 1334 ille,
382 1284 450 1324 cum
463 1269 574 1338 pestem
589 1264 694 1338 capitis
704 1265 757 1332 sui,
771 1281 839 1322 cum
858 1264 969 1322 indicia
989 1265 1090 1322 mortis

219 1385 251 1422 se
270 1364 445 1437 comperisse
459 1362 621 1430 manifesto,
635 1368 666 1419 et
678 1379 766 1420 manu
780 1368 879 1420 tenere
899 1363 1091 1432 discretim

219 1465 311 1522 solute
323 1461 439 1536 egisset,
453 1465 512 1518 tam
528 1461 642 1528 leniter,
656 1464 716 1516 tam
734 1459 901 1520 oscitanter.
943 1459 996 1517 'ln
1009 1459 1091 1530 tuac,

219 1562 262 1620 M.
276 1558 380 1630 Calidi,
393 1557 451 1616 ’ἀπ’
462 1557 601 1636 fingeres,
613 1556 656 1614 sic
669 1555 793 1633 ageres?
811 1557 835 1590 ⁸³
848 1557 1017 1635 praesertim
1030 1576 1092 1616 eum

213 1661 275 1718 -isua
292 1656 446 1736 eloquenda
466 1654 620 1714 alienarum
642 1653 784 1712 hominum
802 1655 930 1733 pericula
951 1656 1092 1736 ἀφιᾶσι

219 1755 352 1816 acerrimus
364 1755 465 1826 soleas,
478 1762 558 1814 tuum
570 1751 750 1830 negligeres?
763 1753 812 1810 ubi
825 1753 925 1811 dulor?
943 1753 993 1812 uui
1006 1754 1093 1814 ardor·

220 1855 317 1924 muni,
327 1853 376 1932 qai
389 1852 474 1912 etium
494 1871 529 1911 ea
545 1851 697 1932 tesserarium
719 1850 844 1927 ingeniis
860 1851 956 1910 elicere
969 1869 1048 1912 seces
1067 1859 1093 1910 ct

221 1953 349 2034 persius
361 1951 453 2012 solet?
472 1951 553 2011 uultu
561 1949 736 2030 perturbatio
755 1948 854 2018 animi,
866 1949 947 2008 natta
959 1951 1093 2028 emporis,

210 2053 299 2132 fluns
311 2071 366 2111 aurs
384 2069 530 2130 parnasse,
550 2069 606 2108 aaa
614 2051 733 2128 fumas:
749 2048 829 2126 pedis
841 2046 928 2126 (quod
946 2047 1092 2107 minimum

219 2150 274 2229 est)
286 2151 367 2208 uultu
387 2148 537 2226 supplosio.
579 2147 677 2223 ltaque
689 2154 800 2204 tutatum
819 2131 918 2225 adsueti,
939 2145 1092 2226 naysum

220 2263 313 2304 usuras
325 2253 435 2302 nostros
447 2244 578 2306 nnimcss
596 2261 724 2306 scurnum
737 2244 791 2302 istc
801 2244 859 2303 loeo
869 2244 1091 2304 uixteaebumus.

221 2344 273 2403 Sic
295 2360 347 2402 nos
371 2342 476 2400 summi
496 2341 616 2399 oratoris
639 2345 688 2399 vel
706 2343 841 2412 sanitate,
860 2346 908 2402 vel
933 2345 1018 2414 vitiu,
1039 2363 1091 2420 pm

207 2442 445 2518 argumentum
468 2441 637 2498 diluendum
658 2440 769 2499 crimen
794 2442 839 2499 usi
863 2460 968 2500 sumus.
1011 2443 1092 2502 'lun

219 2541 335 2610 Brutus,
352 2538 373 2573 ⁸³
383 2541 481 2616 Atque
495 2539 667 2608 dubitamus,
680 2539 783 2615 iuquit,
800 2545 895 2600 utrum
912 2539 968 2600 ista
982 2543 1092 2602 sanitas

218 2639 314 2708 iuuerit,
337 2656 375 2696 an
397 2636 523 2697 vitium?
542 2638 605 2714 quis
630 2638 710 2697 euim
725 2657 791 2697 ‘non
805 2639 937 2709 fateatur,
961 2659 1031 2700 cuns
1052 2661 1092 2701 ex

121 2769 142 2793 v
218 2738 353 2798 omnibus
367 2739 487 2796 oratoris
505 2737 636 2795 laudibus
657 2740 744 2812 louge
768 2737 824 2795 ista
842 2737 880 2798 sit
898 2738 1037 2809 maxima,
1049 2741 1092 2801 iu·

219 2838 368 2898 dammare
382 2838 493 2897 animus
504 2835 691 2904 audientium,
701 2841 739 2904 et,
752 2853 930 2911 quocumque
939 2855 984 2895 res
998 2845 1093 2912 postu·

219 2939 263 2993 let
275 2939 370 3006 modo,
383 2937 509 3004 flectere,
524 2935 573 3009 qui
588 2936 644 2992 hac
659 2935 766 2992 virtute
779 2934 913 3004 caruerit,
923 2935 954 2992 id
968 2936 1006 3005 ei,
1017 2937 1093 3013 quod

169 3037 207 3098 81
221 3034 380 3092 maximum
393 3035 487 3101 fuerit,
501 3030 647 3092 defuisse?
669 3032 715 3091 Sit
733 3051 803 3092 saue
822 3033 873 3101 ita,
886 3033 1020 3110 iuquam:
1041 3037 1092 3095 sed

249 3184 272 3216 ⁸⁶
279 3185 409 3242 pruasrts‘m
419 3199 470 3231 cum
479 3211 489 3220 -
497 3211 507 3221 ·
515 3187 655 3244 negligeres]
674 3187 699 3233 ln
709 3185 811 3232 hocloco
819 3188 854 3232 est
863 3185 948 3248 aliquid
963 3187 1022 3244 duri,
1033 3191 1093 3250 quod

220 3255 272 3290 eum
281 3243 337 3290 mihi
347 3243 376 3288 de
386 3242 444 3288 vitio
453 3249 575 3304 suspectum
587 3245 698 3292 reddidit:
715 3243 826 3292 uerenini
836 3245 893 3291 ordo
905 3249 1031 3292 structurae
1040 3248 1093 3294 satis

221 3303 318 3406 {1⁸⁹me
319 3300 491 3406 itiqueqssqui
501 3301 597 3405 ffiff'
611 3303 699 3406 uqqeum'of
718 3317 759 3350 uec
768 3303 850 3366 reperi,
860 3301 950 3365 quodsi
960 3303 994 3350 rei
1004 3305 1094 3356 medes-

250 3393 354 3498 disqu
365 3373 509 3496 duiitcmuffi]
540 3373 728 3504 Sicggvulguntlc
737 3441 799 3501 utqns'
808 3441 869 3488 edidi
883 3455 912 3487 ex
921 3440 972 3488 edd.
1001 3457 1019 3489 r.
1052 3444 1094 3491 nu

221 3495 308 3553 melius,
324 3495 378 3565 quia
393 3493 429 3541 hic
438 3508 500 3540 mera
509 3494 614 3542 mansino
623 3500 664 3565 qst,
675 3497 710 3544 cui
728 3499 750 3544 iu
765 3499 836 3560 princi
853 3499 876 3545 io
885 3500 944 3560 apud
961 3457 1094 3548 csssmm

222 3569 289 3616 saepe
299 3560 367 3603 servit
385 3558 465 3624 “wi
487 3556 511 3599 ct
527 3553 587 3614 apud
604 3553 673 3602 aluos:
689 3556 777 3606 Notum
793 3515 962 3618 illugVirgilii:
978 3558 1013 3606 Et
1027 3560 1095 3610 disdi-

223 3616 294 3662 icmus
303 3615 449 3674 addarsactu
459 3611 672 3673 astaradcrssuaruta.
786 3655 788 3662 .
