2460 4184
507 297 643 350 saurus.
949 309 1006 370 101

140 447 219 520 poni,
241 449 347 506 multos
364 446 461 515 luisse,
474 447 523 523 qui
541 451 662 506 verbum
677 465 832 524 numquam
850 451 883 510 in
895 451 1011 524 publico

141 546 291 615 iecissent,
313 563 382 604 cnm
405 547 508 604 melius
534 547 683 622 aliquanto
706 553 836 621 possent,
856 565 941 624 quam
961 549 1012 607 isti

143 650 281 714 oratores,
303 663 373 720 qnos
394 645 511 720 colligo,
528 647 641 705 dicere:
663 649 715 705 sed
728 647 774 704 his
788 663 1014 706 commemoran-

144 742 190 802 dis
212 743 301 801 etism
325 743 398 801 illud
419 761 564 818 assequor,
587 751 619 802 ut
642 744 813 820 intelligatis
828 746 952 819 primum
975 763 1014 803 ex

113 911 115 922 1
144 842 224 900 omni
235 859 363 912 numero,
375 861 459 917 quam
474 861 532 902 non
547 843 699 902 maltiausi
714 844 773 902 sint
786 844 894 912 dicere,
908 844 1016 901 deinde

143 941 227 998 exiis
241 941 321 1016 ipsis,
335 953 419 1017 quam
429 943 515 1017 pauci
529 943 636 1000 inerint
647 944 731 1000 laude
742 942 833 1016 digni.
881 940 900 976 '¹
912 943 1016 1018 ltaque

144 1057 181 1098 ne
198 1041 251 1098 hos
264 1042 379 1116 quidem
394 1042 506 1117 equites
520 1041 681 1108 Romanos,
696 1041 807 1098 amicos
820 1044 942 1108 nostros,
966 1039 1016 1116 qui

146 1157 237 1213 nuper
263 1139 369 1198 mortui
393 1145 471 1207 sunt,
491 1139 526 1196 P.
549 1139 717 1198 Cominium
745 1139 937 1211 Spoletinum,
960 1155 1017 1214 quo

144 1243 301 1299 accusante
314 1237 433 1296 delendi
455 1237 491 1295 (i.
513 1237 696 1296 Cornelium:
717 1238 749 1296 in
770 1255 827 1312 quo
849 1241 880 1294 et
902 1253 1017 1310 compo·

144 1338 232 1396 situm
246 1336 365 1395 dicendi
387 1352 490 1410 genus,
506 1341 536 1394 et
557 1353 633 1405 acre,
655 1341 684 1394 et
698 1337 864 1411 expeditum
876 1335 949 1394 init:
973 1335 1014 1394 Τ.

147 1436 277 1495 Accium
294 1436 503 1504 Pisaurensem,
521 1436 604 1509 cujus
622 1435 800 1493 accusationi
811 1435 947 1509 respondi
964 1453 1017 1510 pro

147 1536 191 1592 A.
204 1531 356 1602 Cluentio;
376 1533 464 1608 quiet
476 1539 610 1592 accurate
623 1535 749 1602 dicebat,
760 1539 790 1592 et
799 1535 869 1592 setis
880 1535 1014 1609 copiose:

146 1635 267 1706 euntque
281 1633 537 1703 praeterendoctus
552 1633 748 1706 Hermagorae
757 1633 935 1707 praeceptis:
956 1634 1016 1709 qui·

147 1731 200 1788 bue
215 1728 271 1786 etsi
294 1735 464 1788 ornamenta
484 1749 543 1788 non
556 1731 739 1814 satis-opima
758 1731 886 1799 dicendi,
907 1737 1016 1799 lamen,
1043 1719 1046 1724 ¹

146 1833 179 1885 ut
199 1830 301 1886 hastae
322 1829 460 1885 velitibus
484 1833 657 1897 amentatum,
670 1830 714 1887 sic
732 1834 800 1902 apta
817 1831 968 1903 quaedam,
986 1832 1018 1886 et

146 1931 251 2000 parata
276 1925 398 2000 singulis
425 1943 575 1982 causarum
598 1927 750 1998 generibus
772 1931 944 1998 argumenta
963 1929 1018 1984 tra·

144 2027 270 2082 duntur:
291 2022 387 2078 studio
408 2026 506 2079 antem
519 2022 673 2090 neminem,
688 2039 743 2078 nec
757 2021 898 2079 industria
911 2023 1019 2098 majore

146 2121 286 2196 cognovi.
330 2121 511 2194 Quamquam
524 2138 562 2177 ne
576 2120 695 2194 ingenio
708 2119 825 2196 quidem
839 2121 888 2196 qui
900 2122 1019 2196 praesti·

148 2220 225 2287 terit,
240 2217 326 2276 focile
347 2218 480 2286 dixerim,
502 2219 537 2277 G.
557 2218 667 2288 Pisoni,
687 2237 796 2294 genero
809 2237 884 2277 meo.
907 2221 1018 2279 nullum

149 2324 262 2392 tempus
284 2317 329 2374 illi
350 2334 484 2392 umquam
503 2319 625 2376 vacabat
639 2324 689 2376 ant
710 2335 728 2375 a
745 2319 851 2377 lorensi
877 2319 1017 2388 dictione,

150 2422 200 2475 ant
213 2433 231 2474 a
244 2417 489 2474 commentatione
502 2417 671 2485 domestica,
690 2423 739 2475 snt
760 2435 778 2474 a
791 2419 954 2486 scribendo,
968 2423 1019 2476 ant

150 2515 342 2590 coagitando.
362 2514 460 2588 itaque
474 2519 569 2572 tantos
583 2532 732 2588 processus
743 2515 897 2584 efficiebat,
905 2521 938 2573 ut
950 2533 1019 2574 evo·

150 2616 220 2682 lare,
242 2602 301 2672 non
322 2628 475 2670 excurrere
499 2612 654 2670 videretur.
669 2618 785 2689 eratque
809 2615 961 2672 verborum
988 2618 1020 2672 et

150 2716 281 2772 delectus
294 2716 423 2787 elegans,
433 2714 464 2767 et
476 2715 543 2784 apta
557 2716 587 2766 et
597 2711 678 2785 qnasi
688 2713 809 2770 rotunda
823 2712 1019 2768 constmctio:

150 2829 273 2887 cumque
282 2813 451 2886 argumenta
459 2807 699 2881 excogitabantur
707 2810 743 2864 ab
752 2826 787 2864 eo
795 2811 895 2874 multa,
904 2813 934 2864 et
941 2808 1021 2866 firme

150 2913 188 2968 ad
201 2913 392 2984 probandum,
415 2914 476 2967 tum
489 2904 653 2964 concinnae
668 2910 826 2980 acutaeque
839 2906 1020 2965 sententiae:

151 3017 305 3086 gestusque
320 3015 422 3068 natura
434 3007 477 3064 ita
490 3010 639 3074 venustus,
652 3009 685 3062 ut
704 3021 750 3062 ors
764 3003 861 3073 etiarn,
875 3021 947 3080 quae
960 3023 1020 3068 non

151 3113 224 3177 erat,
238 3113 268 3166 et
282 3099 299 3165 e
312 3107 467 3180 disciplina
479 3110 572 3162 motus
586 3101 703 3180 quidam
713 3101 860 3161 videretur
869 3107 1018 3166 accedere.

152 3225 266 3276 vereor,
288 3224 326 3264 ne
348 3222 445 3262 amore
466 3203 568 3261 videar
581 3205 672 3278 plura,
684 3219 769 3278 quam
782 3201 888 3261 tuerint
909 3204 1020 3274 inille,

153 3355 632 3474 ..trrrsartnrantt
647 3355 1021 3478 retractatam

151 3477 341 3534 prcetereundrrm
350 3476 454 3523 arbitror.
485 3474 565 3522 Paullo
577 3479 762 3536 postorrtomentn
770 3477 842 3533 opimo
849 3481 900 3520 scrut
914 3487 929 3517 c
938 3471 1019 3518 Rivius

154 3536 209 3583 clim
224 3537 274 3581 eret
281 3535 368 3594 optim,
378 3534 446 3581 male.

194 3633 266 3674 ror..
287 3633 335 3673 ιιι.
420 3651 423 3664 ·
612 3617 649 3669 lo
