2436 4192
491 253 632 308 aaaron
949 261 1013 322 213

144 404 236 464 etiem
249 405 374 464 tertium.
416 405 464 462 Ne
472 405 588 478 jambus
602 403 727 479 quidem,
741 402 790 477 qui
799 408 844 460 est
859 404 969 462 ebrevi
983 409 1014 461 et

144 501 1014 578 longa,autparehoreo,quihabettnesbreveasedspaflo

121 598 123 602 ’
143 614 204 674 par,
217 620 276 659 non
290 601 429 676 syllabis:
450 607 499 659 aut
512 600 602 658 etiam
615 601 760 674 dactylus,
770 599 819 674 qui
831 603 876 656 est
889 615 906 654 e
920 601 1014 684 longa,

143 706 175 757 et
184 701 294 758 duabus
306 701 450 768 brevibus,
463 700 489 756 si
503 703 548 756 est
558 699 705 774 proximus
718 716 735 754 a
750 703 905 773 postremo,
916 714 1015 770 parum

144 789 314 856 volubiliter
334 799 469 873 peruenit
496 799 533 856 ad
558 802 728 865 extremum,
755 797 780 853 si
803 800 848 853 est
869 799 1016 852 extremus

144 897 276 964 choreus,
298 902 347 955 aut
360 899 513 970 spondeus.
536 913 692 970 numquam
706 894 786 952 enim
799 894 930 962 interest,
953 898 1016 952 uter

146 993 186 1051 sit
199 1012 296 1052 eorum
310 995 341 1052 in
357 997 432 1068 pede
448 999 590 1052 extremo.
633 994 693 1050 Sed
707 991 796 1050 iidem
809 991 840 1048 hi
855 998 911 1048 tres
925 993 1015 1066 pedes

144 1095 222 1150 male
232 1095 419 1161 oonoludunt,
429 1093 455 1149 si
468 1091 531 1167 quis
545 1107 643 1148 eorum
653 1091 685 1148 in
696 1096 828 1148 extremo
837 1092 947 1148 loeatus
962 1096 1015 1158 est,

142 1190 201 1247 nisi
223 1209 289 1249 oum
311 1209 364 1265 pro
387 1191 499 1248 eretioo
523 1194 681 1262 postremus
709 1193 754 1246 est
772 1190 914 1262 dactylus.
940 1189 1015 1248 nibil
1100 1203 1103 1210 ·

141 1288 222 1346 enim
230 1290 362 1357 interest,
373 1290 507 1362 dactylos
516 1287 555 1344 sit
568 1292 723 1356 extremus,
731 1305 770 1346 an
783 1287 926 1346 oretieusz
947 1287 1015 1364 qnia

143 1393 290 1460 postrema
299 1377 427 1461 syllaba,
448 1385 555 1454 brevis,
577 1402 615 1444 an
639 1388 728 1460 longa
752 1386 799 1455 sit,
824 1405 861 1443 ne
881 1387 1013 1446 inversu

143 1484 263 1558 quidem
276 1486 371 1542 refert.
413 1486 509 1557 Quare
523 1485 612 1542 stiam
634 1503 747 1558 paeone
771 1485 819 1560 qui
833 1485 909 1543 dixit
922 1487 1012 1560 aptio

145 1599 217 1650 rem,
231 1583 263 1640 in
283 1601 343 1658 quo
352 1587 428 1641 esset
442 1585 528 1658 longa
540 1589 694 1656 postrema,
708 1583 785 1640 vidit
808 1601 925 1656 parum:
945 1601 1012 1657 quo·

142 1680 225 1740 niam
237 1669 311 1739 nibil
326 1683 363 1739 ad
376 1699 437 1762 rem
451 1687 504 1750 est,
522 1681 531 1712 ¹
543 1685 687 1755 postrema
700 1698 739 1737 an
758 1683 845 1754 longa
858 1681 904 1737 sit.
945 1682 963 1737 J
966 1698 1013 1740 am

143 1797 248 1855 paeon,
263 1782 339 1856 qnod
351 1783 447 1854 plures
462 1781 569 1836 habeat
583 1781 720 1851 syllabas,
736 1796 821 1853 quam
836 1784 903 1846 tres,
917 1796 1013 1836 nume·

120 1865 222 1935 ¹rusa
245 1879 425 1952 quibusdam,
446 1895 506 1934 non
528 1895 579 1950 pes
600 1877 729 1932 habetur.
770 1877 824 1933 Est
842 1877 969 1951 quidem,
983 1881 1014 1934 nt

142 1976 221 2033 inter
246 1993 348 2032 omnes
375 1979 491 2032 eonstat
518 1974 660 2048 antiquos,
689 1973 887 2041 Aristotelem,
916 1975 1014 2032 Theo·

141 2073 300 2147 abromum,
321 2073 533 2140 Theodectem,
560 2070 718 2145 Ephorum,
749 2087 822 2128 nnus
849 2072 1013 2146 aptissimus
1099 2092 1100 2095 ¹

142 2171 268 2229 orationi
282 2155 460 2240 velorienti,
473 2173 521 2229 vel
536 2169 667 2246 melliae:
688 2174 789 2243 putant
802 2161 846 2228 illi
860 2170 948 2230 etiam
966 2189 1016 2250 (ιιι-ι

144 2270 238 2328 denti:
249 2253 456 2345 quolocomihi
466 2271 581 2328 videtur
590 2269 821 2344 aptioreretious.
835 2267 1011 2329 ²Doebmius

104 2364 107 2368 ’
142 2373 240 2427 autem
253 2386 270 2425 e
284 2369 407 2444 quinque
422 2359 551 2442 syllabis,
565 2367 658 2434 brevi,
671 2370 780 2426 duabus
801 2369 905 2442 longis,
919 2371 1012 2438 brevi,
1042 2372 1044 2376 ’

143 2469 239 2540 longa,
248 2471 279 2523 ut
293 2473 338 2522 est
350 2461 417 2534 boe,
429 2465 541 2522 Amicos
554 2472 629 2522 tenea
637 2487 649 2528 ,-
668 2467 771 2540 quovis
782 2469 847 2522 loeo
861 2475 944 2538 aptus
958 2475 1012 2538 est,

141 2566 212 2622 dum
231 2565 323 2620 semel
341 2559 481 2636 ponatur:
501 2563 630 2630 iteratus,
644 2568 693 2620 aut
706 2564 901 2632 continuatus,
915 2582 1001 2624 nume

141 2679 207 2720 rum
225 2663 354 2734 apertum
368 2666 397 2718 et
412 2661 497 2718 nimis
510 2659 655 2734 insignem
673 2661 751 2717 lauit
794 2661 849 2718 llis
869 2661 956 2735 igitur
970 2670 1011 2722 tot
1022 2696 1062 2756 65

144 2757 428 2826 commutationibus,
451 2763 565 2832 tamque
588 2757 719 2815 varilaei
740 2763 868 2816 utemur:
895 2778 950 2817 neo
964 2764 1012 2819 de·

172 2915 182 2946 ¹
195 2919 302 2971 postremo
311 2929 375 2974 mmm
384 2915 449 2972 longo
459 2913 505 2974 sit]
538 2913 608 2959 Immo
617 2911 695 2970 scribe,
705 2927 737 2959 on
745 2913 812 2971 longa
821 2912 857 2958 sit.
873 2927 926 2960 nam
935 2915 954 2962 si
964 2916 1012 2965 bre·

144 2971 251 3042 visentie
261 2975 311 3030 fine,
320 2988 362 3078 ylro
372 2974 394 3020 lo
446 2973 518 3042 ualet..
546 2973 577 3018 Et
586 2971 657 3021 siccat
664 2972 740 3032 paullo
751 2977 804 3018 aute
813 2971 836 3018 in
843 2970 1011 3026 eademsenteo·

144 3037 185 3077 tra.
217 3031 308 3078 SrcMs.
343 3036 409 3079 rtun
425 3045 526 3092 emcepr.
1012 3057 1026 3089 0

174 3109 187 3140 ²
200 3109 345 3171 Danaam]
372 3108 549 3172 Capperonerlns
559 3109 588 3155 sd
598 3108 694 3160 Quintil.
707 3109 747 3166 lx,
764 3113 785 3157 t.
801 3108 892 3170 corrigit
901 3113 1013 3164 dommim

145 3181 182 3214 a.
203 3168 298 3219 Quintil.
324 3185 374 3216 usus
392 3168 524 3216 testimoniis
541 3168 722 3229 Hephaestionis,
747 3168 862 3216 Diomedis
880 3175 1011 3222 stallorum

169 3227 345 3273 mmmatirorum
365 3227 492 3274 latinomm.
523 3227 612 3274 Pavent
630 3226 651 3272 ei
668 3227 701 3273 rei
717 3227 784 3273 etiam
794 3227 841 3276 Ma.
854 3229 882 3276 V.
893 3231 943 3278 edd.
955 3240 1010 3280 vett

144 3283 257 3354 Ciosronis
267 3286 289 3331 b.
300 3285 319 3356 1.Ι
326 3290 353 3332 ut
362 3286 419 3332 Ven.
430 3287 496 3333 Med.
508 3288 559 3333 Aac.
571 3299 629 3346 quae
638 3285 850 3356 babentdoctimiur
856 3305 866 3345 ;
881 3305 908 3336 ex
918 3305 962 3359 quo
971 3293 1014 3339 Al-

145 3342 185 3411 dus
195 3344 247 3388 seut
256 3343 376 3401 domemus,
393 3359 442 3390 eum
455 3345 529 3392 faeere
538 3345 631 3414 sleberet
639 3345 760 3392 docbmma.
787 3347 865 3408 ltaque
874 3352 899 3396 et
909 3349 943 3394 bre
953 3363 1013 3394 reos-

142 3403 612 3508 teneaat
619 3404 635 3450 ¹·
643 3403 820 3510 attu-
828 3405 1013 3509 lobnam

146 3475 333 3568 (terminon
342 3524 453 3568 autenm.
630 3477 645 3524 P
759 3479 832 3522 Μ)
848 3477 877 3526 qu

181 3613 252 3658 von.
275 3617 322 3658 ιιι.
553 3597 617 3658 19*
