2460 4184
467 317 603 368 rnmns.
904 323 961 390 111

111 465 317 536 temeratores,
330 471 363 526 ut
375 465 522 540 imperitos
531 483 629 540 posses
640 465 672 523 in
684 483 807 524 errorem
820 465 965 528 inducere.

109 567 241 642 Equidem
254 569 287 626 in
309 567 477 641 quibusdem
491 567 577 622 risum
591 567 645 623 vix
665 567 811 634 tenebam,
834 584 899 624 cnm
915 569 967 625 nt-

110 667 164 722 tico
180 667 287 740 Lysiae
303 666 447 724 Catonem
460 670 587 722 nostrum
608 666 805 738 computabas,
832 681 968 738 magnum

109 765 263 822 mehercule
284 765 442 830 hominem,
464 765 512 818 vel
533 763 626 836 potius
646 781 786 819 summum
800 769 831 820 et
844 764 970 838 singula·

108 881 162 920 rem
181 865 289 921 virumz
313 880 400 920 nemo
421 863 502 919 dicet
525 879 629 918 secus:
651 863 703 918 sed
721 860 887 944 orptorem?
917 864 970 920 sed

109 961 188 1020 etiarn
202 963 313 1036 Lysiae
326 959 473 1018 similem?
493 977 550 1035 quo
564 960 637 1016 nihil
659 965 754 1033 potest
775 979 838 1018 esse
852 961 968 1034 pictius.

107 1060 178 1117 bella
192 1061 296 1129 ironia,
310 1061 336 1117 si
348 1061 530 1134 jocaremur:
551 1059 597 1116 sin
608 1075 817 1126 asseveramus,
831 1059 911 1128 vide,
930 1077 971 1116 ne

107 1159 202 1233 religio
214 1161 301 1218 nobis
324 1165 384 1215 tam
401 1157 566 1215 adhibenda
579 1156 626 1226 sit,
648 1173 733 1232 quam
745 1153 799 1214 ”si
812 1157 971 1217 testimoni·

107 1273 149 1314 um
161 1259 303 1316 dicamus.
344 1257 410 1330 Ego
421 1256 500 1314 enirn
515 1255 658 1313 Catonem
672 1255 806 1324 tnum,¹ut
816 1257 923 1326 civem,
938 1262 970 1316 ut

107 1362 275 1424 senatorem,
302 1361 334 1413 ut
352 1357 564 1429 imperatorem,
584 1361 616 1412 ut
639 1355 733 1412 virum
751 1356 874 1432 deniqne
901 1372 969 1415 cum
1059 1373 1066 1390 ¹

107 1456 259 1526 prudentia
273 1460 303 1511 et
312 1453 472 1528 diligentia,
486 1459 545 1511 tum
559 1454 638 1510 omni
647 1455 753 1522 virtute
762 1457 968 1524 excellentem,

105 1553 207 1624 probo:
229 1537 375 1609 orationes
384 1557 479 1608 autern
490 1553 560 1626 ejus,
570 1557 602 1610 ut
614 1551 673 1610 illis
687 1553 872 1626 temporibus,
880 1557 968 1612 valde

103 1651 196 1706 laudo.
218 1649 382 1724 significant
395 1651 473 1707 eninr
486 1652 630 1725 quandam
650 1653 770 1709 formam
782 1653 903 1726 ingenii,
916 1654 969 1711 sed

104 1749 255 1806 admodum
268 1748 436 1822 impolitam,
447 1753 478 1805 et
491 1751 577 1822 plane
598 1751 706 1806 rudem.
749 1750 885 1825 Origines
898 1769 970 1809 vero

104 1842 166 1904 cum
186 1847 320 1905 omnibus
341 1847 464 1904 oratoris
491 1848 622 1904 laudibus
646 1849 764 1906 refertas
790 1849 912 1916 diceres,
939 1853 970 1906 et

104 1945 248 2003 Catonem
269 1962 336 2001 cum
365 1943 492 2000 Philisto
515 1949 546 1999 et
575 1945 752 2017 Thucydide
779 1963 971 2019 comparares,

103 2037 234 2101 Brutone
254 2046 283 2098 te
302 2041 332 2098 id
347 2043 497 2108 censebas,
521 2058 559 2098 an
578 2041 650 2098 mihi
674 2039 881 2118 probaturum?
901 2061 970 2118 quos

104 2143 178 2200 euim
189 2159 229 2198 ne
243 2158 262 2197 e
271 2139 392 2197 Graecis
406 2139 523 2214 quidem
536 2139 685 2214 quisquam
697 2140 805 2198 imitari
817 2145 921 2216 potest,
934 2141 971 2201 iis

105 2245 133 2298 tu
142 2255 294 2314 comparas
308 2238 456 2296 hominem
468 2239 676 2308 Tusculanum,
687 2241 815 2299 nondum
823 2242 970 2316 suspican-

106 2343 170 2408 tem,
183 2340 269 2415 quale
287 2341 363 2394 esset
385 2336 502 2411 copiose
524 2343 554 2394 et
573 2343 673 2396 ornate
694 2339 801 2397 dicere.
843 2341 1022 2408 ualeamus

106 2436 209 2494 laudas.
231 2437 258 2495 si
281 2441 313 2494 ut
335 2436 415 2493 illius
438 2436 541 2494 aetatis
565 2437 736 2512 principem,
755 2439 905 2496 assentior.
926 2440 970 2498 sio

107 2536 180 2594 enirn
193 2536 380 2610 accepimus:
402 2535 448 2590 sin
461 2539 493 2592 ut
505 2539 656 2603 oratorem,
676 2537 760 2604 cedo,
782 2554 896 2611 quaeso,
910 2555 971 2596 ora·

107 2632 206 2704 tiones,
219 2625 302 2713 (sunt
316 2629 419 2710 enim,)
434 2637 464 2688 et
476 2633 533 2700 dic,
554 2618 642 2702 huno,
655 2653 741 2708 quem
754 2639 785 2692 tu
798 2638 872 2708 plus,
885 2653 971 2711 qnam

108 2735 143 2800 te,
156 2751 245 2803 amas,
259 2735 395 2799 Brutum,
416 2732 495 2787 velle
509 2736 538 2787 te
551 2731 603 2787 illo
616 2733 702 2789 modo
715 2732 822 2789 dicere.
862 2735 972 2790 Probas
1083 2721 1089 2732 ⁸

108 2829 208 2904 Lepidi
222 2831 381 2890 orationes.
403 2828 530 2903 paullum
541 2827 591 2885 hic
605 2828 659 2886 tihi
670 2829 821 2896 assentior,
834 2831 921 2886 modo
931 2831 974 2888 ita

106 2929 207 2999 landes,
220 2935 253 2988 ut
264 2930 398 3004 antiquas
411 2947 418 2984 ι
438 2929 514 3003 quod
523 2927 595 2984 item
603 2927 640 2984 de
652 2927 802 2995 Africano,
812 2929 849 2984 de
860 2929 973 3000 Laelio,

106 3028 183 3100 cnjus
201 3033 232 3087 tu
254 3027 387 3085 oratione
401 3043 490 3102 negas
503 3026 565 3084 lieri
578 3024 732 3112 quidquam
753 3044 836 3100 posse
848 3027 970 3088 dulcius.

107 3125 184 3183 addis
197 3128 289 3204 etiam
307 3125 412 3193 nescio·
432 3125 499 3200 quid
521 3125 676 3199 augustius.
697 3125 815 3184 nomine
827 3128 971 3204 noscapis

107 3226 205 3284 summi
219 3225 288 3294 viri,
302 3224 438 3299 vitaeque
460 3221 692 3298 elegantissimae
711 3225 868 3286 verissimis
881 3227 971 3286 laudi·

107 3319 165 3378 bus.
204 3325 339 3381 Remove
361 3324 451 3380 haec:
471 3339 527 3380 nae
550 3322 608 3381 ista
631 3323 725 3382 dulcis
751 3325 844 3384 oratio
862 3326 906 3384 ita
932 3328 971 3384 sit

132 3473 153 3506 ⁹⁰
167 3476 344 3524 sitedimunium
359 3475 476 3536 dicaam]
507 3475 545 3522 Sia
560 3475 648 3538 scripsit
662 3477 756 3538 Cicero3
771 3493 823 3535 non,
840 3479 970 3532 dieaemds,

108 3533 174 3640 m
183 3551 219 3641 pp
220 3535 332 3595 vulgatis:
348 3548 399 3582 nam
414 3535 535 3596 praecedit,
551 3550 773 3586 metueremus-ue
783 3537 899 3594 --retiga
907 3535 972 3581 adhi-
