<?xml version="1.0" encoding="UTF-8"?>
<!DOCTYPE html PUBLIC "-//W3C//DTD XHTML 1.0 Transitional//EN"
    "http://www.w3.org/TR/xhtml1/DTD/xhtml1-transitional.dtd">
<html xmlns="http://www.w3.org/1999/xhtml" xml:lang="en" lang="en">
 <head>
  <title>
</title>
<meta http-equiv="Content-Type" content="text/html;charset=utf-8" />
  <meta name='ocr-system' content='tesseract 3.04.00' />
  <meta name='ocr-capabilities' content='ocr_page ocr_carea ocr_par ocr_line ocrx_word'/>
</head>
<body>
  <div class='ocr_page' id='page_1' title='image "./mtvlliiciceroni09cicegoog/mtvlliiciceroni09cicegoog_0309.png"; bbox 0 0 2444 4192; ppageno 0'>
   <div class='ocr_carea' id='block_1_1' title="bbox 219 361 869 428">
    <p class='ocr_par' dir='ltr' id='par_1_1' title="bbox 219 361 869 428">
     <span class='ocr_line' id='line_1_1' title="bbox 219 361 869 428; baseline 0 -18"><span class='ocrx_word' id='word_1_1' title='bbox 219 369 282 428; x_wconf 69' lang='lat'>293</span> <span class='ocrx_word' id='word_1_2' title='bbox 433 361 624 416; x_wconf 76' lang='lat' dir='ltr'>onironrnc</span> <span class='ocrx_word' id='word_1_3' title='bbox 644 361 869 428; x_wconf 74' lang='lat' dir='ltr'>rnnrrrsonss.</span> 
     </span>
    </p>
   </div>
   <div class='ocr_carea' id='block_1_2' title="bbox 122 507 1185 3248">
    <p class='ocr_par' dir='ltr' id='par_1_2' title="bbox 122 507 1185 3248">
     <span class='ocr_line' id='line_1_2' title="bbox 219 507 1185 584; baseline 0.006 -18"><span class='ocrx_word' id='word_1_4' title='bbox 219 508 334 568; x_wconf 82' lang='lat' dir='ltr'>resistet</span> <span class='ocrx_word' id='word_1_5' title='bbox 347 507 580 584; x_wconf 72' lang='lat' dir='ltr'>oportet&#39;etiquo</span> <span class='ocrx_word' id='word_1_6' title='bbox 592 513 677 574; x_wconf 70' lang='lat' dir='ltr'>snos,</span> <span class='ocrx_word' id='word_1_7' title='bbox 685 513 741 566; x_wconf 84' lang='lat' dir='ltr'>out</span> <span class='ocrx_word' id='word_1_8' title='bbox 749 507 911 578; x_wconf 77' lang='lat' dir='ltr'>infitiando,</span> <span class='ocrx_word' id='word_1_9' title='bbox 924 507 1092 571; x_wconf 76' lang='lat' dir='ltr'>ont&#39;detini·</span> <span class='ocrx_word' id='word_1_10' title='bbox 1169 549 1185 572; x_wconf 64' lang='lat' dir='ltr'><strong><em>s</em></strong></span> 
     </span>
     <span class='ocr_line' id='line_1_3' title="bbox 220 607 1093 682; baseline 0.001 -17"><span class='ocrx_word' id='word_1_11' title='bbox 220 609 307 676; x_wconf 89' lang='lat' dir='ltr'>endo,</span> <span class='ocrx_word' id='word_1_12' title='bbox 320 607 526 682; x_wconf 80' lang='lat' dir='ltr'>eutaequitete</span> <span class='ocrx_word' id='word_1_13' title='bbox 553 609 735 681; x_wconf 66' lang='lat' dir='ltr'>opponenda,</span> <span class='ocrx_word' id='word_1_14' title='bbox 761 610 813 666; x_wconf 88' lang='lat' dir='ltr'>sed</span> <span class='ocrx_word' id='word_1_15' title='bbox 839 607 927 666; x_wconf 86' lang='lat' dir='ltr'>etiem</span> <span class='ocrx_word' id='word_1_16' title='bbox 945 607 1093 666; x_wconf 78' lang='lat' dir='ltr'>notionem</span> 
     </span>
     <span class='ocr_line' id='line_1_4' title="bbox 220 705 1093 779; baseline 0 -15"><span class='ocrx_word' id='word_1_17' title='bbox 220 706 356 779; x_wconf 84' lang='lat' dir='ltr'>subjiciet</span> <span class='ocrx_word' id='word_1_18' title='bbox 364 706 553 764; x_wconf 68' lang='lat' dir='ltr'>recusationis</span> <span class='ocrx_word' id='word_1_19' title='bbox 564 723 652 764; x_wconf 81' lang='lat' dir='ltr'>sone:</span> <span class='ocrx_word' id='word_1_20' title='bbox 667 705 773 779; x_wconf 85' lang='lat' dir='ltr'>primus</span> <span class='ocrx_word' id='word_1_21' title='bbox 784 707 1093 766; x_wconf 78' lang='lat' dir='ltr'>illestetusr&#39;etionem</span> 
     </span>
     <span class='ocr_line' id='line_1_5' title="bbox 221 803 1092 880; baseline -0.002 -16"><span class='ocrx_word' id='word_1_22' title='bbox 221 806 310 864; x_wconf 78' lang='lat' dir='ltr'>habet</span> <span class='ocrx_word' id='word_1_23' title='bbox 321 804 413 880; x_wconf 87' lang='lat' dir='ltr'>iniqui</span> <span class='ocrx_word' id='word_1_24' title='bbox 425 803 565 872; x_wconf 83' lang='lat' dir='ltr'>criminis,</span> <span class='ocrx_word' id='word_1_25' title='bbox 575 803 667 877; x_wconf 87' lang='lat' dir='ltr'>ipsnm</span> <span class='ocrx_word' id='word_1_26' title='bbox 677 805 864 878; x_wconf 77' lang='lat' dir='ltr'>negotionem</span> <span class='ocrx_word' id='word_1_27' title='bbox 873 806 1092 864; x_wconf 76' lang='lat' dir='ltr'>infitiationem·</span> 
     </span>
     <span class='ocr_line' id='line_1_6' title="bbox 221 902 1089 980; baseline -0.002 -18"><span class='ocrx_word' id='word_1_28' title='bbox 221 921 278 980; x_wconf 84' lang='lat' dir='ltr'>qne</span> <span class='ocrx_word' id='word_1_29' title='bbox 291 902 378 972; x_wconf 64' lang='lat' dir='ltr'>iroth</span> <span class='ocrx_word' id='word_1_30' title='bbox 397 903 550 970; x_wconf 83' lang='lat' dir='ltr'>secundus,</span> <span class='ocrx_word' id='word_1_31' title='bbox 563 904 639 977; x_wconf 88' lang='lat' dir='ltr'>quod</span> <span class='ocrx_word' id='word_1_32' title='bbox 651 920 709 962; x_wconf 89' lang='lat' dir='ltr'>nou</span> <span class='ocrx_word' id='word_1_33' title='bbox 723 903 806 960; x_wconf 84' lang='lat' dir='ltr'>sitin</span> <span class='ocrx_word' id='word_1_34' title='bbox 820 923 862 972; x_wconf 92' lang='lat' dir='ltr'>re,</span> <span class='ocrx_word' id='word_1_35' title='bbox 883 905 959 979; x_wconf 87' lang='lat' dir='ltr'>quod</span> <span class='ocrx_word' id='word_1_36' title='bbox 980 905 1019 961; x_wconf 80' lang='lat' dir='ltr'>rb</span> <span class='ocrx_word' id='word_1_37' title='bbox 1041 903 1089 960; x_wconf 83' lang='lat' dir='ltr'>nd·</span> 
     </span>
     <span class='ocr_line' id='line_1_7' title="bbox 222 1002 1090 1077; baseline -0.001 -16"><span class='ocrx_word' id='word_1_38' title='bbox 222 1003 349 1062; x_wconf 78' lang='lat' dir='ltr'>versario</span> <span class='ocrx_word' id='word_1_39' title='bbox 376 1003 492 1076; x_wconf 90' lang='lat' dir='ltr'>punitur</span> <span class='ocrx_word' id='word_1_40' title='bbox 517 1002 550 1060; x_wconf 89' lang='lat' dir='ltr'>in</span> <span class='ocrx_word' id='word_1_41' title='bbox 576 1003 686 1072; x_wconf 86' lang='lat' dir='ltr'>verbo;</span> <span class='ocrx_word' id='word_1_42' title='bbox 719 1002 828 1070; x_wconf 86' lang='lat' dir='ltr'>tertius,</span> <span class='ocrx_word' id='word_1_43' title='bbox 852 1002 982 1077; x_wconf 89' lang='lat' dir='ltr'>quodid</span> <span class='ocrx_word' id='word_1_44' title='bbox 1010 1009 1090 1060; x_wconf 85' lang='lat' dir='ltr'>recte</span> 
     </span>
     <span class='ocr_line' id='line_1_8' title="bbox 222 1100 1090 1176; baseline -0.002 -16"><span class='ocrx_word' id='word_1_45' title='bbox 222 1104 330 1162; x_wconf 76' lang='lat' dir='ltr'>tanum</span> <span class='ocrx_word' id='word_1_46' title='bbox 343 1119 407 1160; x_wconf 89' lang='lat' dir='ltr'>esse</span> <span class='ocrx_word' id='word_1_47' title='bbox 421 1101 567 1169; x_wconf 83' lang='lat' dir='ltr'>desendet,</span> <span class='ocrx_word' id='word_1_48' title='bbox 580 1102 656 1176; x_wconf 90' lang='lat' dir='ltr'>quod</span> <span class='ocrx_word' id='word_1_49' title='bbox 668 1101 733 1158; x_wconf 87' lang='lat' dir='ltr'>sine</span> <span class='ocrx_word' id='word_1_50' title='bbox 750 1103 808 1160; x_wconf 83' lang='lat' dir='ltr'>uite</span> <span class='ocrx_word' id='word_1_51' title='bbox 825 1100 952 1158; x_wconf 84' lang='lat' dir='ltr'>nominis</span> <span class='ocrx_word' id='word_1_52' title='bbox 976 1106 1090 1158; x_wconf 87' lang='lat' dir='ltr'>contro·</span> 
     </span>
     <span class='ocr_line' id='line_1_9' title="bbox 222 1198 1088 1274; baseline -0.002 -16"><span class='ocrx_word' id='word_1_53' title='bbox 222 1201 318 1260; x_wconf 78' lang='lat' dir='ltr'>versic</span> <span class='ocrx_word' id='word_1_54' title='bbox 344 1202 452 1260; x_wconf 82' lang='lat' dir='ltr'>tectum</span> <span class='ocrx_word' id='word_1_55' title='bbox 477 1200 590 1258; x_wconf 80' lang='lat' dir='ltr'>tutetur.</span> <span class='ocrx_word' id='word_1_56' title='bbox 644 1199 761 1260; x_wconf 81' lang='lat' dir='ltr'>Deinde</span> <span class='ocrx_word' id='word_1_57' title='bbox 794 1198 949 1274; x_wconf 85' lang='lat' dir='ltr'>unicnique</span> <span class='ocrx_word' id='word_1_58' title='bbox 982 1198 1088 1258; x_wconf 74' lang='lat' dir='ltr'>rationi</span> 
     </span>
     <span class='ocr_line' id='line_1_10' title="bbox 221 1298 1090 1374; baseline -0.005 -16"><span class='ocrx_word' id='word_1_59' title='bbox 221 1301 429 1374; x_wconf 86' lang='lat' dir='ltr'>opponendum</span> <span class='ocrx_word' id='word_1_60' title='bbox 443 1304 487 1358; x_wconf 89' lang='lat' dir='ltr'>est</span> <span class='ocrx_word' id='word_1_61' title='bbox 501 1301 537 1356; x_wconf 82' lang='lat' dir='ltr'>ob</span> <span class='ocrx_word' id='word_1_62' title='bbox 551 1302 719 1362; x_wconf 78' lang='lat' dir='ltr'>accusetore</span> <span class='ocrx_word' id='word_1_63' title='bbox 732 1298 774 1365; x_wconf 91' lang='lat' dir='ltr'>id,</span> <span class='ocrx_word' id='word_1_64' title='bbox 796 1299 871 1374; x_wconf 88' lang='lat' dir='ltr'>quod</span> <span class='ocrx_word' id='word_1_65' title='bbox 888 1298 913 1356; x_wconf 89' lang='lat' dir='ltr'>si</span> <span class='ocrx_word' id='word_1_66' title='bbox 929 1315 1004 1356; x_wconf 89' lang='lat' dir='ltr'>non.</span> <span class='ocrx_word' id='word_1_67' title='bbox 1015 1301 1090 1374; x_wconf 82' lang='lat' dir='ltr'>esset</span> 
     </span>
     <span class='ocr_line' id='line_1_11' title="bbox 221 1397 1089 1472; baseline -0.002 -16"><span class='ocrx_word' id='word_1_68' title='bbox 221 1397 253 1456; x_wconf 90' lang='lat' dir='ltr'>in</span> <span class='ocrx_word' id='word_1_69' title='bbox 266 1398 462 1464; x_wconf 76' lang='lat' dir='ltr'>accusatione,</span> <span class='ocrx_word' id='word_1_70' title='bbox 473 1415 561 1457; x_wconf 77' lang='lat' dir='ltr'>causo</span> <span class='ocrx_word' id='word_1_71' title='bbox 573 1398 694 1462; x_wconf 85' lang='lat' dir='ltr'>omuino</span> <span class='ocrx_word' id='word_1_72' title='bbox 703 1415 770 1454; x_wconf 84' lang='lat' dir='ltr'>esse</span> <span class='ocrx_word' id='word_1_73' title='bbox 780 1415 840 1454; x_wconf 87' lang='lat' dir='ltr'>non</span> <span class='ocrx_word' id='word_1_74' title='bbox 853 1402 959 1470; x_wconf 86' lang='lat' dir='ltr'>posset.</span> <span class='ocrx_word' id='word_1_75' title='bbox 975 1397 1089 1472; x_wconf 68' lang='lat' dir='ltr'>itaque</span> 
     </span>
     <span class='ocr_line' id='line_1_12' title="bbox 221 1494 1088 1571; baseline 0 -17"><span class='ocrx_word' id='word_1_76' title='bbox 221 1513 266 1563; x_wconf 83' lang='lat' dir='ltr'>ee,</span> <span class='ocrx_word' id='word_1_77' title='bbox 279 1513 353 1571; x_wconf 84' lang='lat' dir='ltr'>quee</span> <span class='ocrx_word' id='word_1_78' title='bbox 365 1494 408 1554; x_wconf 85' lang='lat' dir='ltr'>sic</span> <span class='ocrx_word' id='word_1_79' title='bbox 422 1496 589 1562; x_wconf 75' lang='lat' dir='ltr'>referuntur,</span> <span class='ocrx_word' id='word_1_80' title='bbox 612 1495 797 1554; x_wconf 81' lang='lat' dir='ltr'>continentia</span> <span class='ocrx_word' id='word_1_81' title='bbox 811 1513 961 1554; x_wconf 82' lang='lat' dir='ltr'>ceusernrn</span> <span class='ocrx_word' id='word_1_82' title='bbox 971 1513 1088 1554; x_wconf 73' lang='lat' dir='ltr'>nocen-</span> 
     </span>
     <span class='ocr_line' id='line_1_13' title="bbox 222 1594 1088 1670; baseline -0.002 -16"><span class='ocrx_word' id='word_1_83' title='bbox 222 1599 285 1654; x_wconf 87' lang='lat' dir='ltr'>tur:</span> <span class='ocrx_word' id='word_1_84' title='bbox 306 1611 477 1670; x_wconf 84' lang='lat' dir='ltr'>quemquem</span> <span class='ocrx_word' id='word_1_85' title='bbox 490 1611 549 1652; x_wconf 85' lang='lat' dir='ltr'>non</span> <span class='ocrx_word' id='word_1_86' title='bbox 562 1611 599 1650; x_wconf 80' lang='lat' dir='ltr'>ee</span> <span class='ocrx_word' id='word_1_87' title='bbox 611 1594 712 1668; x_wconf 81' lang='lat' dir='ltr'>mugio,</span> <span class='ocrx_word' id='word_1_88' title='bbox 732 1613 806 1670; x_wconf 82' lang='lat' dir='ltr'>quae</span> <span class='ocrx_word' id='word_1_89' title='bbox 826 1600 927 1653; x_wconf 73' lang='lat' dir='ltr'>centn</span> <span class='ocrx_word' id='word_1_90' title='bbox 943 1595 1088 1653; x_wconf 80' lang='lat' dir='ltr'>rationem</span> 
     </span>
     <span class='ocr_line' id='line_1_14' title="bbox 222 1693 1088 1768; baseline -0.006 -14"><span class='ocrx_word' id='word_1_91' title='bbox 222 1694 399 1754; x_wconf 82' lang='lat' dir='ltr'>detensionis</span> <span class='ocrx_word' id='word_1_92' title='bbox 408 1693 665 1768; x_wconf 78' lang='lat' dir='ltr'>offeruntur,quern</span> <span class='ocrx_word' id='word_1_93' title='bbox 674 1693 939 1766; x_wconf 84' lang='lat' dir='ltr'>ipseedetensionis</span> <span class='ocrx_word' id='word_1_94' title='bbox 952 1693 1088 1760; x_wconf 78' lang='lat' dir='ltr'>rationes,</span> 
     </span>
     <span class='ocr_line' id='line_1_15' title="bbox 224 1790 1088 1867; baseline -0.006 -15"><span class='ocrx_word' id='word_1_95' title='bbox 224 1793 376 1852; x_wconf 81' lang='lat' dir='ltr'>continent</span> <span class='ocrx_word' id='word_1_96' title='bbox 397 1809 507 1850; x_wconf 78' lang='lat' dir='ltr'>causes.</span> <span class='ocrx_word' id='word_1_97' title='bbox 528 1795 579 1850; x_wconf 83' lang='lat' dir='ltr'>sed</span> <span class='ocrx_word' id='word_1_98' title='bbox 606 1792 803 1867; x_wconf 79' lang='lat' dir='ltr'>distinguendi</span> <span class='ocrx_word' id='word_1_99' title='bbox 828 1792 920 1867; x_wconf 80' lang='lat' dir='ltr'>gretie</span> <span class='ocrx_word' id='word_1_100' title='bbox 944 1790 1088 1848; x_wconf 71' lang='lat' dir='ltr'>rationem</span> 
     </span>
     <span class='ocr_line' id='line_1_16' title="bbox 225 1889 1087 1967; baseline -0.003 -17"><span class='ocrx_word' id='word_1_101' title='bbox 225 1896 402 1967; x_wconf 69' lang='lat' dir='ltr'><strong>appellamus</strong></span> <span class='ocrx_word' id='word_1_102' title='bbox 416 1909 490 1960; x_wconf 80' lang='lat' dir='ltr'>earn,</span> <span class='ocrx_word' id='word_1_103' title='bbox 501 1908 574 1966; x_wconf 86' lang='lat' dir='ltr'>quee</span> <span class='ocrx_word' id='word_1_104' title='bbox 584 1889 605 1923; x_wconf 81' lang='lat'>⁴⁵</span> <span class='ocrx_word' id='word_1_105' title='bbox 615 1892 731 1948; x_wconf 82' lang='lat' dir='ltr'>affertur</span> <span class='ocrx_word' id='word_1_106' title='bbox 740 1895 776 1948; x_wconf 83' lang='lat' dir='ltr'>nb</span> <span class='ocrx_word' id='word_1_107' title='bbox 785 1891 1087 1958; x_wconf 78' lang='lat' dir='ltr'>reundrecusendom,</span> 
     </span>
     <span class='ocr_line' id='line_1_17' title="bbox 225 1989 1089 2066; baseline -0.005 -16"><span class='ocrx_word' id='word_1_108' title='bbox 225 1991 392 2066; x_wconf 77' lang='lat' dir='ltr'>depellendi</span> <span class='ocrx_word' id='word_1_109' title='bbox 414 1989 548 2050; x_wconf 83' lang='lat' dir='ltr'>criminis</span> <span class='ocrx_word' id='word_1_110' title='bbox 571 2007 682 2048; x_wconf 83' lang='lat' dir='ltr'>ceusu:</span> <span class='ocrx_word' id='word_1_111' title='bbox 710 2007 784 2065; x_wconf 83' lang='lat' dir='ltr'>quse</span> <span class='ocrx_word' id='word_1_112' title='bbox 810 1991 867 2050; x_wconf 75' lang='lat' dir='ltr'>nini</span> <span class='ocrx_word' id='word_1_113' title='bbox 904 1993 990 2057; x_wconf 86' lang='lat' dir='ltr'>esset,</span> <span class='ocrx_word' id='word_1_114' title='bbox 1021 1989 1089 2064; x_wconf 86' lang='lat' dir='ltr'>quid</span> 
     </span>
     <span class='ocr_line' id='line_1_18' title="bbox 223 2088 1087 2163; baseline -0.005 -15"><span class='ocrx_word' id='word_1_115' title='bbox 223 2092 400 2158; x_wconf 85' lang='lat' dir='ltr'>detenderet,</span> <span class='ocrx_word' id='word_1_116' title='bbox 415 2109 473 2148; x_wconf 88' lang='lat' dir='ltr'>non</span> <span class='ocrx_word' id='word_1_117' title='bbox 491 2091 631 2148; x_wconf 80' lang='lat' dir='ltr'>heberet:</span> <span class='ocrx_word' id='word_1_118' title='bbox 652 2090 862 2148; x_wconf 77' lang='lat' dir='ltr'>firmamentum</span> <span class='ocrx_word' id='word_1_119' title='bbox 883 2092 992 2156; x_wconf 85' lang='lat' dir='ltr'>eutem,</span> <span class='ocrx_word' id='word_1_120' title='bbox 1013 2088 1087 2163; x_wconf 89' lang='lat' dir='ltr'>quod</span> 
     </span>
     <span class='ocr_line' id='line_1_19' title="bbox 122 2188 1089 2262; baseline 0.001 -18"><span class='ocrx_word' id='word_1_121' title='bbox 122 2251 124 2254; x_wconf 10' lang='grc' dir='ltr'><em>Α</em></span> <span class='ocrx_word' id='word_1_122' title='bbox 224 2195 328 2252; x_wconf 83' lang='lat' dir='ltr'>contre</span> <span class='ocrx_word' id='word_1_123' title='bbox 341 2190 378 2245; x_wconf 83' lang='lat' dir='ltr'>ed</span> <span class='ocrx_word' id='word_1_124' title='bbox 393 2189 623 2246; x_wconf 78' lang='lat' dir='ltr'>tebetectendem</span> <span class='ocrx_word' id='word_1_125' title='bbox 641 2189 782 2248; x_wconf 78' lang='lat' dir='ltr'>rationem</span> <span class='ocrx_word' id='word_1_126' title='bbox 801 2188 928 2256; x_wconf 81' lang='lat' dir='ltr'>retertur,</span> <span class='ocrx_word' id='word_1_127' title='bbox 948 2188 1089 2262; x_wconf 80' lang='lat' dir='ltr'>sineque</span> 
     </span>
     <span class='ocr_line' id='line_1_20' title="bbox 173 2284 1087 2356; baseline 0.004 -16"><span class='ocrx_word' id='word_1_128' title='bbox 173 2297 214 2354; x_wconf 81' lang='lat'>30</span> <span class='ocrx_word' id='word_1_129' title='bbox 224 2284 373 2340; x_wconf 75' lang='lat' dir='ltr'>accusatio</span> <span class='ocrx_word' id='word_1_130' title='bbox 385 2289 461 2339; x_wconf 80' lang='lat' dir='ltr'>sture</span> <span class='ocrx_word' id='word_1_131' title='bbox 475 2301 533 2348; x_wconf 84' lang='lat' dir='ltr'>nou</span> <span class='ocrx_word' id='word_1_132' title='bbox 548 2291 651 2356; x_wconf 78' lang='lat' dir='ltr'>potest.</span> <span class='ocrx_word' id='word_1_133' title='bbox 693 2287 741 2344; x_wconf 81' lang='lat' dir='ltr'>Ex</span> <span class='ocrx_word' id='word_1_134' title='bbox 755 2287 872 2345; x_wconf 83' lang='lat' dir='ltr'>rationis</span> <span class='ocrx_word' id='word_1_135' title='bbox 885 2291 993 2354; x_wconf 81' lang='lat' dir='ltr'>nutem,</span> <span class='ocrx_word' id='word_1_136' title='bbox 1007 2292 1087 2344; x_wconf 85' lang='lat' dir='ltr'>etex</span> 
     </span>
     <span class='ocr_line' id='line_1_21' title="bbox 224 2381 1089 2460; baseline 0.002 -20"><span class='ocrx_word' id='word_1_137' title='bbox 224 2381 397 2440; x_wconf 83' lang='lat' dir='ltr'>firmamenti</span> <span class='ocrx_word' id='word_1_138' title='bbox 409 2381 605 2451; x_wconf 82' lang='lat' dir='ltr'>condictione,</span> <span class='ocrx_word' id='word_1_139' title='bbox 625 2389 656 2442; x_wconf 91' lang='lat' dir='ltr'>et</span> <span class='ocrx_word' id='word_1_140' title='bbox 679 2385 760 2459; x_wconf 81' lang='lat' dir='ltr'>quusi</span> <span class='ocrx_word' id='word_1_141' title='bbox 786 2403 934 2454; x_wconf 79' lang='lat' dir='ltr'>concursu,</span> <span class='ocrx_word' id='word_1_142' title='bbox 959 2384 1089 2460; x_wconf 78' lang='lat' dir='ltr'>quaestio</span> 
     </span>
     <span class='ocr_line' id='line_1_22' title="bbox 224 2480 1089 2558; baseline 0.001 -18"><span class='ocrx_word' id='word_1_143' title='bbox 224 2480 353 2540; x_wconf 83' lang='lat' dir='ltr'>exoritur</span> <span class='ocrx_word' id='word_1_144' title='bbox 366 2482 514 2556; x_wconf 79' lang='lat' dir='ltr'>quaedem,</span> <span class='ocrx_word' id='word_1_145' title='bbox 524 2500 610 2558; x_wconf 82' lang='lat' dir='ltr'>quem</span> <span class='ocrx_word' id='word_1_146' title='bbox 620 2483 860 2557; x_wconf 75' lang='lat' dir='ltr'>disceptationem</span> <span class='ocrx_word' id='word_1_147' title='bbox 873 2501 967 2542; x_wconf 81' lang='lat' dir='ltr'>voco:</span> <span class='ocrx_word' id='word_1_148' title='bbox 982 2484 1015 2542; x_wconf 90' lang='lat' dir='ltr'>in</span> <span class='ocrx_word' id='word_1_149' title='bbox 1025 2501 1089 2558; x_wconf 85' lang='lat' dir='ltr'>qur,</span> 
     </span>
     <span class='ocr_line' id='line_1_23' title="bbox 203 2579 1089 2657; baseline 0.006 -22"><span class='ocrx_word' id='word_1_150' title='bbox 203 2579 321 2654; x_wconf 54' lang='lat' dir='ltr'>*⁸⁶quid</span> <span class='ocrx_word' id='word_1_151' title='bbox 345 2580 446 2637; x_wconf 86' lang='lat' dir='ltr'>veniet</span> <span class='ocrx_word' id='word_1_152' title='bbox 471 2581 504 2638; x_wconf 86' lang='lat' dir='ltr'>in</span> <span class='ocrx_word' id='word_1_153' title='bbox 523 2580 677 2654; x_wconf 88' lang='lat' dir='ltr'>judicium,</span> <span class='ocrx_word' id='word_1_154' title='bbox 703 2586 734 2638; x_wconf 90' lang='lat' dir='ltr'>et</span> <span class='ocrx_word' id='word_1_155' title='bbox 759 2583 796 2639; x_wconf 87' lang='lat' dir='ltr'>de</span> <span class='ocrx_word' id='word_1_156' title='bbox 820 2599 877 2657; x_wconf 89' lang='lat' dir='ltr'>quo</span> <span class='ocrx_word' id='word_1_157' title='bbox 903 2582 1089 2656; x_wconf 66' lang='lat' dir='ltr'>disceptetur,</span> 
     </span>
     <span class='ocr_line' id='line_1_24' title="bbox 225 2678 1090 2754; baseline 0.009 -20"><span class='ocrx_word' id='word_1_158' title='bbox 225 2678 323 2754; x_wconf 84' lang='lat' dir='ltr'>quaeri</span> <span class='ocrx_word' id='word_1_159' title='bbox 351 2681 435 2735; x_wconf 82' lang='lat' dir='ltr'>solet.</span> <span class='ocrx_word' id='word_1_160' title='bbox 468 2697 536 2737; x_wconf 84' lang='lat' dir='ltr'>nem</span> <span class='ocrx_word' id='word_1_161' title='bbox 562 2680 655 2753; x_wconf 84' lang='lat' dir='ltr'>prime</span> <span class='ocrx_word' id='word_1_162' title='bbox 681 2681 911 2739; x_wconf 74' lang='lat' dir='ltr'>adversariorum</span> <span class='ocrx_word' id='word_1_163' title='bbox 937 2681 1090 2744; x_wconf 86' lang='lat' dir='ltr'>contentio</span> 
     </span>
     <span class='ocr_line' id='line_1_25' title="bbox 224 2776 1092 2857; baseline 0.005 -20"><span class='ocrx_word' id='word_1_164' title='bbox 224 2776 357 2837; x_wconf 80' lang='lat' dir='ltr'>diffusam</span> <span class='ocrx_word' id='word_1_165' title='bbox 371 2779 458 2836; x_wconf 82' lang='lat' dir='ltr'>habet</span> <span class='ocrx_word' id='word_1_166' title='bbox 481 2777 696 2852; x_wconf 83' lang='lat' dir='ltr'>quaestionem:</span> <span class='ocrx_word' id='word_1_167' title='bbox 716 2784 748 2836; x_wconf 89' lang='lat' dir='ltr'>ut</span> <span class='ocrx_word' id='word_1_168' title='bbox 761 2780 793 2838; x_wconf 89' lang='lat' dir='ltr'>in</span> <span class='ocrx_word' id='word_1_169' title='bbox 805 2782 982 2855; x_wconf 85' lang='lat' dir='ltr'>conjectura,</span> <span class='ocrx_word' id='word_1_170' title='bbox 997 2783 1092 2857; x_wconf 85' lang='lat' dir='ltr'>Cepe-</span> 
     </span>
     <span class='ocr_line' id='line_1_26' title="bbox 169 2877 1088 2950; baseline 0 -14"><span class='ocrx_word' id='word_1_171' title='bbox 169 2889 173 2904; x_wconf 83' lang='lat'><strong>·</strong></span> <span class='ocrx_word' id='word_1_172' title='bbox 224 2879 300 2936; x_wconf 82' lang='lat' dir='ltr'>ritne</span> <span class='ocrx_word' id='word_1_173' title='bbox 326 2877 463 2950; x_wconf 81' lang='lat' dir='ltr'>pecunias</span> <span class='ocrx_word' id='word_1_174' title='bbox 492 2877 624 2948; x_wconf 80' lang='lat' dir='ltr'>Decius3</span> <span class='ocrx_word' id='word_1_175' title='bbox 643 2878 676 2934; x_wconf 87' lang='lat' dir='ltr'>in</span> <span class='ocrx_word' id='word_1_176' title='bbox 698 2879 886 2949; x_wconf 77' lang='lat' dir='ltr'>definitione3</span> <span class='ocrx_word' id='word_1_177' title='bbox 909 2880 1088 2938; x_wconf 73' lang='lat' dir='ltr'>Minueritne</span> 
     </span>
     <span class='ocr_line' id='line_1_27' title="bbox 226 2975 1089 3050; baseline 0.003 -17"><span class='ocrx_word' id='word_1_178' title='bbox 226 2978 408 3048; x_wconf 84' lang='lat' dir='ltr'>majestatem</span> <span class='ocrx_word' id='word_1_179' title='bbox 421 2977 450 3032; x_wconf 93' lang='lat' dir='ltr'>N</span> <span class='ocrx_word' id='word_1_180' title='bbox 453 2976 593 3046; x_wconf 82' lang='lat' dir='ltr'>orhanus;</span> <span class='ocrx_word' id='word_1_181' title='bbox 606 2975 637 3032; x_wconf 91' lang='lat' dir='ltr'>in</span> <span class='ocrx_word' id='word_1_182' title='bbox 651 2977 811 3050; x_wconf 75' lang='lat' dir='ltr'>aequitu1e3</span> <span class='ocrx_word' id='word_1_183' title='bbox 825 2978 843 3035; x_wconf 86' lang='lat' dir='ltr'>J</span> <span class='ocrx_word' id='word_1_184' title='bbox 846 2996 933 3036; x_wconf 87' lang='lat' dir='ltr'>urene</span> <span class='ocrx_word' id='word_1_185' title='bbox 947 2978 1089 3036; x_wconf 85' lang='lat' dir='ltr'>occiderit</span> 
     </span>
     <span class='ocr_line' id='line_1_28' title="bbox 227 3073 1091 3149; baseline 0.01 -21"><span class='ocrx_word' id='word_1_186' title='bbox 227 3073 358 3144; x_wconf 84' lang='lat' dir='ltr'>Opimius</span> <span class='ocrx_word' id='word_1_187' title='bbox 374 3074 548 3131; x_wconf 81' lang='lat' dir='ltr'>Gracchum.</span> <span class='ocrx_word' id='word_1_188' title='bbox 590 3075 682 3143; x_wconf 83' lang='lat' dir='ltr'>Haec,</span> <span class='ocrx_word' id='word_1_189' title='bbox 695 3092 768 3148; x_wconf 71' lang='lat' dir='ltr'>quoe</span> <span class='ocrx_word' id='word_1_190' title='bbox 788 3076 910 3149; x_wconf 87' lang='lat' dir='ltr'>primum</span> <span class='ocrx_word' id='word_1_191' title='bbox 928 3077 1091 3138; x_wconf 83' lang='lat' dir='ltr'>contentio·</span> 
     </span>
     <span class='ocr_line' id='line_1_29' title="bbox 225 3171 1092 3248; baseline 0.01 -21"><span class='ocrx_word' id='word_1_192' title='bbox 225 3187 293 3227; x_wconf 85' lang='lat' dir='ltr'>nem</span> <span class='ocrx_word' id='word_1_193' title='bbox 308 3171 415 3228; x_wconf 84' lang='lat' dir='ltr'>habent</span> <span class='ocrx_word' id='word_1_194' title='bbox 425 3191 465 3228; x_wconf 84' lang='lat' dir='ltr'>ex</span> <span class='ocrx_word' id='word_1_195' title='bbox 478 3175 623 3248; x_wconf 80' lang='lat' dir='ltr'>arguendo</span> <span class='ocrx_word' id='word_1_196' title='bbox 637 3178 666 3230; x_wconf 88' lang='lat' dir='ltr'>et</span> <span class='ocrx_word' id='word_1_197' title='bbox 680 3174 848 3243; x_wconf 86' lang='lat' dir='ltr'>resistendo,</span> <span class='ocrx_word' id='word_1_198' title='bbox 868 3173 888 3207; x_wconf 77' lang='lat'>⁴⁷</span> <span class='ocrx_word' id='word_1_199' title='bbox 898 3177 967 3244; x_wconf 80' lang='lat' dir='ltr'>tntu,</span> <span class='ocrx_word' id='word_1_200' title='bbox 977 3181 1011 3234; x_wconf 78' lang='lat' dir='ltr'>ut</span> <span class='ocrx_word' id='word_1_201' title='bbox 1020 3176 1092 3246; x_wconf 81' lang='lat' dir='ltr'>dixi,</span> 
     </span>
    </p>
   </div>
   <div class='ocr_carea' id='block_1_3' title="bbox 224 3321 1207 3439">
    <p class='ocr_par' dir='ltr' id='par_1_3' title="bbox 224 3321 1207 3439">
     <span class='ocr_line' id='line_1_30' title="bbox 254 3321 1207 3391; baseline 0.015 -25"><span class='ocrx_word' id='word_1_202' title='bbox 254 3321 275 3354; x_wconf 78' lang='lat'>4⁵</span> <span class='ocrx_word' id='word_1_203' title='bbox 290 3321 478 3391; x_wconf 60' lang='lat' dir='ltr'>tffmcrntrw]</span> <span class='ocrx_word' id='word_1_204' title='bbox 494 3325 928 3385; x_wconf 65' lang='lat' dir='ltr'>promenteuntesteuebis.</span> <span class='ocrx_word' id='word_1_205' title='bbox 954 3329 1092 3377; x_wconf 69' lang='lat' dir='ltr'>Etedhrrae</span> <span class='ocrx_word' id='word_1_206' title='bbox 1206 3339 1207 3364; x_wconf 50' lang='lat' dir='ltr'>t</span> 
     </span>
     <span class='ocr_line' id='line_1_31' title="bbox 224 3381 1096 3439; baseline 0.002 -9"><span class='ocrx_word' id='word_1_207' title='bbox 224 3382 316 3430; x_wconf 70' lang='lat' dir='ltr'>formam</span> <span class='ocrx_word' id='word_1_208' title='bbox 327 3384 351 3426; x_wconf 87' lang='lat' dir='ltr'>et</span> <span class='ocrx_word' id='word_1_209' title='bbox 360 3381 399 3426; x_wconf 82' lang='lat' dir='ltr'>nlu</span> <span class='ocrx_word' id='word_1_210' title='bbox 409 3382 532 3439; x_wconf 78' lang='lat' dir='ltr'>corrigendi</span> <span class='ocrx_word' id='word_1_211' title='bbox 542 3389 593 3430; x_wconf 88' lang='lat' dir='ltr'>sont</span> <span class='ocrx_word' id='word_1_212' title='bbox 603 3383 652 3430; x_wconf 82' lang='lat' dir='ltr'>loci.</span> <span class='ocrx_word' id='word_1_213' title='bbox 1090 3417 1096 3432; x_wconf 79' lang='grc'>.</span> 
     </span>
    </p>
   </div>
   <div class='ocr_carea' id='block_1_4' title="bbox 222 3460 1091 3782">
    <p class='ocr_par' dir='ltr' id='par_1_4' title="bbox 222 3460 1091 3645">
     <span class='ocr_line' id='line_1_32' title="bbox 252 3460 1088 3573; baseline 0.008 -66"><span class='ocrx_word' id='word_1_214' title='bbox 252 3463 274 3496; x_wconf 81' lang='lat'>⁴⁶</span> <span class='ocrx_word' id='word_1_215' title='bbox 289 3461 346 3533; x_wconf 72' lang='lat' dir='ltr'>perid</span> <span class='ocrx_word' id='word_1_216' title='bbox 352 3460 626 3532; x_wconf 62' lang='lat' dir='ltr'>&amp;mutatinjrsdiciunnj</span> <span class='ocrx_word' id='word_1_217' title='bbox 657 3465 896 3537; x_wconf 66' lang='lat' dir='ltr'>itusptausterepsrt</span> <span class='ocrx_word' id='word_1_218' title='bbox 907 3466 1088 3573; x_wconf 52' lang='lat' dir='ltr'>tonnsfflt&#39;i&#39;ffir</span> 
     </span>
     <span class='ocr_line' id='line_1_33' title="bbox 223 3521 1091 3586; baseline 0.007 -18"><span class='ocrx_word' id='word_1_219' title='bbox 223 3529 258 3568; x_wconf 81' lang='lat' dir='ltr'>est</span> <span class='ocrx_word' id='word_1_220' title='bbox 273 3525 348 3569; x_wconf 65' lang='lat' dir='ltr'>omont</span> <span class='ocrx_word' id='word_1_221' title='bbox 358 3535 385 3567; x_wconf 83' lang='lat' dir='ltr'><em>m</em></span> <span class='ocrx_word' id='word_1_222' title='bbox 396 3537 416 3578; x_wconf 73' lang='lat' dir='ltr'>J.</span> <span class='ocrx_word' id='word_1_223' title='bbox 433 3521 578 3568; x_wconf 77' lang='lat' dir='ltr'>Deosnsrcm</span> <span class='ocrx_word' id='word_1_224' title='bbox 585 3523 640 3580; x_wconf 68' lang='lat' dir='ltr'>pud.</span> <span class='ocrx_word' id='word_1_225' title='bbox 657 3539 687 3570; x_wconf 85' lang='lat' dir='ltr'>src</span> <span class='ocrx_word' id='word_1_226' title='bbox 697 3539 787 3586; x_wconf 77' lang='lat' dir='ltr'>proprie</span> <span class='ocrx_word' id='word_1_227' title='bbox 798 3530 863 3584; x_wconf 82' lang='lat' dir='ltr'>esset,</span> <span class='ocrx_word' id='word_1_228' title='bbox 873 3531 976 3586; x_wconf 77' lang='lat' dir='ltr'>utsupm</span> <span class='ocrx_word' id='word_1_229' title='bbox 1067 3541 1091 3574; x_wconf 80' lang='grc' dir='ltr'>ιι</span> 
     </span>
     <span class='ocr_line' id='line_1_34' title="bbox 222 3579 830 3645; baseline 0.005 -17"><span class='ocrx_word' id='word_1_230' title='bbox 222 3580 337 3636; x_wconf 59' lang='lat' dir='ltr'>iudicium.</span> <span class='ocrx_word' id='word_1_231' title='bbox 371 3581 413 3626; x_wconf 79' lang='lat' dir='ltr'>Bd.</span> <span class='ocrx_word' id='word_1_232' title='bbox 424 3580 481 3626; x_wconf 68' lang='lat' dir='ltr'>Vn.</span> <span class='ocrx_word' id='word_1_233' title='bbox 493 3579 563 3629; x_wconf 75' lang='lat' dir='ltr'>hebet</span> <span class='ocrx_word' id='word_1_234' title='bbox 571 3583 651 3640; x_wconf 71' lang='lat' dir='ltr'>emin,</span> <span class='ocrx_word' id='word_1_235' title='bbox 661 3583 738 3645; x_wconf 79' lang='lat' dir='ltr'>itaque</span> <span class='ocrx_word' id='word_1_236' title='bbox 747 3583 830 3645; x_wconf 77' lang='lat' dir='ltr'>recepi.</span> 
     </span>
    </p>

    <p class='ocr_par' dir='ltr' id='par_1_5' title="bbox 226 3660 1091 3782">
     <span class='ocr_line' id='line_1_35' title="bbox 252 3660 1091 3724; baseline 0.007 -18"><span class='ocrx_word' id='word_1_237' title='bbox 252 3660 275 3692; x_wconf 84' lang='lat'>⁴&#39;¹</span> <span class='ocrx_word' id='word_1_238' title='bbox 290 3662 335 3706; x_wconf 86' lang='lat' dir='ltr'>tntu</span> <span class='ocrx_word' id='word_1_239' title='bbox 344 3665 367 3707; x_wconf 83' lang='lat' dir='ltr'>et</span> <span class='ocrx_word' id='word_1_240' title='bbox 374 3661 465 3718; x_wconf 73' lang='lat' dir='ltr'>nursino</span> <span class='ocrx_word' id='word_1_241' title='bbox 478 3687 488 3694; x_wconf 95' lang='lat'>·</span> <span class='ocrx_word' id='word_1_242' title='bbox 501 3685 512 3694; x_wconf 88' lang='lat'><em>-</em></span> <span class='ocrx_word' id='word_1_243' title='bbox 525 3661 616 3708; x_wconf 78' lang='lat' dir='ltr'>adducit</span> <span class='ocrx_word' id='word_1_244' title='bbox 625 3663 651 3708; x_wconf 80' lang='lat' dir='ltr'>in</span> <span class='ocrx_word' id='word_1_245' title='bbox 664 3663 803 3721; x_wconf 60' lang='lat' dir='ltr'>argenteus]</span> <span class='ocrx_word' id='word_1_246' title='bbox 841 3662 940 3710; x_wconf 77' lang='lat' dir='ltr'>Pdmum</span> <span class='ocrx_word' id='word_1_247' title='bbox 956 3663 1091 3724; x_wconf 70' lang='lat' dir='ltr'>intelligitur</span> 
     </span>
     <span class='ocr_line' id='line_1_36' title="bbox 226 3717 1089 3782; baseline 0.005 -16"><span class='ocrx_word' id='word_1_248' title='bbox 226 3730 250 3766; x_wconf 77' lang='grc' dir='ltr'>ιι</span> <span class='ocrx_word' id='word_1_249' title='bbox 259 3719 340 3766; x_wconf 77' lang='lat' dir='ltr'>altero.</span> <span class='ocrx_word' id='word_1_250' title='bbox 370 3719 510 3780; x_wconf 73' lang='lat' dir='ltr'>Disceptatio</span> <span class='ocrx_word' id='word_1_251' title='bbox 519 3717 542 3767; x_wconf 89' lang='lat' dir='ltr'>in</span> <span class='ocrx_word' id='word_1_252' title='bbox 551 3725 668 3782; x_wconf 64' lang='lat' dir='ltr'>angurum</span> <span class='ocrx_word' id='word_1_253' title='bbox 685 3720 813 3780; x_wconf 81' lang='lat' dir='ltr'>sddoeitrn,</span> <span class='ocrx_word' id='word_1_254' title='bbox 823 3736 874 3770; x_wconf 85' lang='lat' dir='ltr'>curn</span> <span class='ocrx_word' id='word_1_255' title='bbox 884 3725 956 3772; x_wconf 74' lang='lat' dir='ltr'>status</span> <span class='ocrx_word' id='word_1_256' title='bbox 971 3736 1059 3780; x_wconf 70' lang='lat' dir='ltr'>nusae,</span> <span class='ocrx_word' id='word_1_257' title='bbox 1074 3721 1089 3770; x_wconf 85' lang='lat' dir='ltr'>i.</span> 
     </span>
    </p>
   </div>
   <div class='ocr_carea' id='block_1_5' title="bbox 0 0 1226 4192">
    <p class='ocr_par' dir='ltr' id='par_1_6' title="bbox 0 0 1226 4192">
     <span class='ocr_line' id='line_1_37' title="bbox 0 0 1226 4192; baseline 0 0"><span class='ocrx_word' id='word_1_258' title='bbox 0 0 1226 4192; x_wconf 95' lang='lat' dir='ltr'> </span> 
     </span>
    </p>
   </div>
  </div>
 </body>
</html>
