2474 4188
220 309 270 382 '52
598 309 733 362 nunnus.

222 479 318 538 eaque
341 475 395 521 suo
413 477 544 539 quaeque
565 463 641 532 ioco,
661 463 711 520 ubi
730 460 883 536 piurimnm
906 461 1047 536 proficere
1067 456 1099 522 n

224 565 326 620 valere
351 568 476 637 possent.
500 568 533 620 nt
550 541 596 620 ‘ab
622 562 795 636 imperatore
823 563 944 636 equites,
971 563 1095 636 pedites,

221 658 301 719 iovis
314 666 473 720 armatura:
492 661 535 720 sio
547 663 587 718 ab
599 661 651 718 iiio
664 661 696 721 in
710 661 838 718 maxime
851 663 1019 735 opportunis
1033 679 1094 718 ora·

221 759 313 818 tionis
327 761 453 835 partibus
466 763 694 820 collocabantur.
736 761 807 818 Erat
820 761 959 818 memoria
972 777 1094 830 summa,

222 863 305 918 nulia
318 859 515 918 meditationis
528 860 665 934 susspicio.
676 860 832 934 impuratus
846 875 959 933 semper
971 858 1092 933 aggredi

221 959 262 1017 ad
277 959 435 1018 dicendum
456 961 622 1018 videbatur:
641 960 693 1016 aed
706 961 749 1017 ita
761 965 824 1016 erat
836 964 960 1032 parntes,
972 958 1092 1032 utjudi·

220 1074 283 1128 ces,
307 1059 360 1118 iiio
376 1060 505 1128 dicente,
524 1074 738 1135 nonnumquam
753 1058 921 1116 viderentur
939 1074 998 1115 non
1020 1058 1093 1116 satis

221 1156 317 1233 parati
343 1161 379 1216 ad
406 1161 571 1217 cavendum
598 1159 696 1217 inisse.
736 1159 837 1216 Verba
860 1159 933 1232 ipsa,
957 1175 1017 1218 non
1038 1158 1092 1214 illa

221 1258 340 1331 quidem
359 1258 576 1331 elegantissimo
588 1266 740 1316 sernrdne:
764 1258 862 1332 itaque
873 1257 1031 1330 diligenter
1051 1258 1091 1313 lo·

219 1354 329 1428 quendi
364 1357 448 1412 tande
475 1357 576 1414 caruit.
605 1374 698 1432 neque
731 1361 831 1414 tamen
865 1363 909 1414 est
934 1357 1090 1413 admodum

220 1451 371 1528 inquinato
386 1456 514 1512 loeutus:
534 1457 586 1512 sed
600 1457 661 1524 illa,
674 1474 747 1530 quae
758 1455 871 1530 proprie
885 1457 948 1512 lans
968 1455 1090 1512 oratoria

219 1559 266 1608 eet
290 1551 322 1610 in
346 1555 461 1612 verbis:
489 1551 571 1632 (nam
593 1554 687 1628 ipsum
711 1556 819 1613 Latine
844 1553 930 1630 ioqui,
952 1561 998 1612 est
1016 1551 1089 1611 itiud

219 1649 347 1725 quinem,
367 1658 398 1710 ut
411 1655 509 1727 pantio
529 1660 597 1711 ante
611 1654 683 1723 dixi,
702 1655 735 1712 in
749 1672 855 1729 magna
873 1656 959 1712 tunde
980 1669 1089 1727 ponen-

218 1749 306 1808 dum:
328 1755 380 1810 sed
394 1771 453 1810 non
474 1758 532 1811 tam
545 1769 598 1810 sna
616 1759 730 1828 sponte,
743 1773 830 1829 quarn
844 1755 918 1831 qnod
933 1759 978 1810 est
997 1755 1089 1826 aple-

217 1849 314 1926 risqnc
328 1855 503 1926 neglectum.
522 1867 581 1910 non
595 1853 674 1910 enim
688 1858 748 1910 tam
762 1856 940 1927 perunctarum
954 1859 998 1908 est
1011 1853 1087 1910 sciro

219 1949 338 2019 Latine,
351 1969 437 2025 quam
448 1956 529 2025 turpe
543 1951 675 2009 nescire:
690 1969 783 2028 neque
798 1959 857 2010 tarn
867 1952 897 2009 id
907 1952 980 2008 inihi
993 1959 1087 2008 matc-

218 2047 258 2106 ris
273 2050 351 2117 nont,
371 2069 455 2124 quam
470 2051 545 2107 civia
565 2052 690 2108 Romani
704 2051 848 2124 proprium
868 2051 983 2108 videtur
994 2049 1015 2128 :)
1034 2053 1086 2108 sed

217 2150 318 2203 nmen
343 2148 490 2204 Antonius
514 2149 545 2204 in
569 2150 665 2204 veniis
690 2155 720 2206 et
742 2149 894 2224 eligendis,
920 2145 1028 2228 (neque
1054 2150 1086 2207 id

216 2241 310 2314 ipsum
324 2247 382 2298 inm
397 2245 501 2316 leporis
514 2261 611 2312 causa,
625 2261 711 2320 quam
725 2247 882 2327 ponderin)
893 2256 926 2307 et
938 2251 1084 2306 coiiooan-

214 2339 270 2405 du,
294 2344 325 2396 et
350 2343 607 2414 comprehensione
633 2347 837 2406 devinciendis
865 2350 939 2407 nihil
963 2366 1022 2406 non
1045 2349 1085 2406 ad

214 2436 366 2506 rationem,
391 2445 423 2496 et
450 2446 586 2515 tanquam
609 2447 647 2502 ad
673 2452 764 2505 artem
793 2448 952 2522 dirigebat:
981 2465 1083 2506 veruna

214 2535 306 2591 mutto
318 2537 411 2611 magis
424 2540 480 2597 noc
495 2541 573 2598 idem
587 2542 618 2600 in
637 2547 847 2604 sententiarum
860 2549 1037 2606 ornamentis
1051 2554 1082 2608 et

212 2631 497 2694 conformationibus.
540 2641 606 2712 Quo
629 2653 735 2716 genere
754 2647 821 2720 quin
843 2653 969 2720 praesint
988 2648 1082 2706 omni-

120 2769 122 2786 .
212 2730 266 2790 bus
279 2732 501 2806 Demosthenes,
516 2737 626 2798 idcirco
646 2759 664 2798 a
681 2744 775 2802 doctis
788 2750 932 2804 cratonum
944 2753 990 2804 est
1004 2747 1080 2820 prin·

211 2845 282 2905 ceps
297 2831 454 2905 judicatus.
474 2859 589 2910 σχιμαιιι
602 2842 681 2898 enirn
694 2861 767 2917 qnae
781 2850 889 2901 vocant
904 2845 1023 2914 Graeci,
1042 2863 1079 2904 es

210 2931 339 2989 manime
359 2943 464 2993 omani
483 2945 642 3010 oratorem
662 2959 752 3016 eaque
774 2954 832 2999 nun
849 2950 909 3001 tam
929 2944 960 3001 in
981 2946 1077 3004 verbio

210 3027 366 3102 pingendis
384 3034 492 3091 habant
511 3039 631 3109 pondua,
645 3057 730 3114 quarn
749 3041 780 3098 in
797 3043 995 3102 illuminandis
1008 3063 1077 3102 sen·

157 3151 199 3212 33
211 3124 320 3183 tentiis
363 3130 422 3186 Sed
435 3147 502 3188 curn
516 3135 588 3193 haee
603 3155 706 3211 magna
721 3139 752 3196 in
768 3141 909 3235 Antonio,
924 3147 983 3200 tum
997 3143 1076 3202 actio

210 3221 379 3296 singularis:
407 3245 481 3302 qnae
506 3232 532 3288 si
557 3236 712 3306 partienda
725 3238 802 3294 est
794 3257 825 3296 ιιι
849 3225 961 3315 geatrnn
988 3249 1076 3318 atque

209 3336 331 3391 vocem3
352 3330 448 3396 gestus
473 3335 534 3386 erat
553 3349 612 3388 non
633 3337 723 3392 rerba
736 3337 911 3412 exprimens,
935 3343 988 3398 aed
1008 3360 1075 3400 curn

209 3421 362 3478 sententiis
376 3441 547 3498 congruens.
562 3447 672 3500 manus,
687 3437 806 3504 humeri,
817 3439 918 3507 latera,
928 3443 1075 3514 suppicsio

223 3518 300 3588 'ediis
320 3523 419 3591 tinini,
440 3523 578 3597 incessus,
601 3532 751 3608 omnisque
767 3535 867 3596 ''motus
888 3532 955 3596 oum
975 3540 1073 3597 vernis
