2436 4192
232 333 291 395 rra
596 328 736 382 olem

210 475 285 534 qil:
303 481 345 545 ut,
364 492 431 536 aum
453 479 623 554 transegerit
636 480 700 553 jam
718 479 836 555 aliquid,
844 452 991 536 deliniat:
1015 482 1048 536 ut
1066 489 1105 536 ae·

229 575 293 647 ipae
315 583 450 634 revocet:
470 583 510 645 nt,
533 579 609 651 quod
627 578 713 646 dixit,
726 577 830 636 iteret:
854 582 887 636 ui
898 581 1098 651 argumentum

230 673 342 732 ratione
356 677 527 734 eunuludat:
552 681 584 732 ut
604 675 809 750 interrogando
822 681 939 750 urgeat:
961 679 1096 732 utrarum

230 771 312 847 quaai
325 774 362 829 ad
375 772 551 848 interrogata
563 774 620 832 sini
640 775 703 849 ipae
722 776 913 849 respondeat:
938 779 971 832 ut
989 778 1097 839 uoulra,

229 885 265 928 aa
289 871 377 940 dieat,
400 872 497 953 aeeipi
518 879 549 930 et
566 873 668 932 sentiri
683 874 774 932 velit:
798 877 829 931 ut
850 871 1011 939 addubitet,
1031 870 1096 945 quid

229 969 332 1043 potine,
346 974 396 1029 aut
405 973 654 1046 quomododieai:
668 978 700 1030 ut
710 972 861 1030 dividatin
876 976 991 1046 parter:
1006 969 1096 1028 utali-

229 1068 297 1142 quld
308 1069 500 1145 relinquatur
523 1072 669 1146 negligat:
683 1076 715 1128 ut
727 1076 796 1128 ante
809 1069 1007 1144 praemuniat:
1022 1068 1095 1126 utin

229 1183 266 1222 ao
288 1167 362 1241 ipso,
382 1169 413 1226 in
435 1185 492 1244 quo
511 1171 746 1244 reprebendatur,
769 1172 886 1243 eulpam
909 1168 940 1226 in
965 1167 1096 1226 adversa·

227 1265 301 1322 rium
312 1267 450 1323 conserat.
493 1268 536 1326 Ut
560 1283 647 1342 aaepe
660 1283 729 1326 uum
742 1268 788 1336 iia,
801 1267 850 1341 qui
873 1265 1005 1334 audiunt,
1028 1281 1096 1322 nun·

226 1379 381 1436 numquam
404 1364 494 1422 etium
517 1381 584 1424 uum
606 1366 773 1424 adversario
795 1364 1052 1440 quasi-deliberet:
1065 1365 1096 1420 ut

227 1459 375 1520 nominum
401 1477 550 1520 sermonen
583 1480 732 1538 morerque
766 1463 929 1520 describat:
951 1465 985 1520 ul
1019 1467 1097 1520 muta

226 1559 366 1632 quaedum
390 1553 538 1635 loquentiu
561 1561 700 1620 induunt:
723 1568 754 1620 ut
767 1564 804 1619 ab
829 1579 875 1630 eo,
896 1562 974 1636 quud
994 1561 1096 1635 agitau,

226 1661 342 1716 avertat
368 1659 495 1718 animoa:
528 1654 560 1718 nt
582 1677 670 1734 saepe
691 1660 723 1718 in
746 1657 957 1718 hilaritatemw
969 1658 1095 1718 risumve

226 1762 398 1814 convertat:
420 1763 452 1816 ut
474 1763 544 1816 ante
557 1763 691 1832 aucupet,
711 1759 787 1834 quud
800 1758 900 1816 rideat
913 1757 1043 1831 opponi:
1066 1761 1096 1814 ui

227 1861 374 1929 rumperet
387 1856 609 1915 similitudines:
633 1862 666 1915 ut
679 1862 774 1916 ulatur
786 1856 947 1930 exemplia:
970 1861 1003 1914 ut
1019 1854 1095 1914 aliud

227 1954 278 2015 alii
292 1955 419 2014 tribuens
444 1955 611 2032 dispertiat:
625 1961 657 2038 ut
683 1955 929 2028 interpellatorem
940 1951 1094 2012 uuiireeat:

226 2057 259 2112 ut
272 2055 382 2128 aliquid
395 2055 518 2113 retieere
532 2073 563 2112 ue
584 2053 681 2112 dieat:
703 2059 736 2112 ut
748 2052 908 2120 denuntiet,
926 2049 996 2127 qnid
1010 2067 1095 2110 aava·
1138 2083 1141 2088 ·

226 2155 294 2208 aut:
320 2158 352 2208 ut
374 2152 492 2209 liberiua
504 2152 571 2226 quid
595 2154 718 2210 audeat:
736 2157 769 2209 ut
791 2151 931 2210 irascatur
951 2149 1051 2217 eiiam,
1064 2153 1094 2208 ut

225 2247 356 2318 objurget
382 2247 546 2320 aliquando,
569 2253 602 2304 ut
626 2249 808 2322 deprecetur,
831 2254 863 2306 ut
886 2248 1041 2322 supplicet,
1064 2251 1094 2306 ut

225 2344 383 2412 medeatur,
406 2349 437 2402 ut
457 2361 476 2401 a
499 2346 645 2420 proposito
667 2348 797 2408 declinet
821 2348 1041 2421 aliquantulum,
1065 2350 1094 2402 ui
1198 2413 1199 2416 Ἴ

225 2447 315 2516 optet,
328 2448 360 2501 ut
373 2449 556 2502 exaenretur:
578 2450 610 2502 ut
622 2445 673 2504 fiai
685 2445 733 2514 iia,
746 2447 823 2520 apud
845 2462 915 2519 quoa
940 2445 1031 2512 diuet,
1056 2444 1094 2502 ia·
1198 2447 1199 2500 l

224 2540 354 2600 miliaria.
396 2544 494 2618 Atque
507 2543 579 2602 aliea
591 2543 679 2602 etiam
689 2544 807 2606 diueudi
820 2543 902 2620 quaai
916 2542 1040 2600 virtuter
1053 2559 1094 2600 aa·

224 2644 342 2715 quatur:
365 2641 547 2710 brevitatem,
571 2643 597 2699 ai
618 2660 663 2700 rea
685 2647 781 2716 pelet:
808 2659 896 2715 saepe
916 2640 1008 2698 etiam
1035 2657 1095 2698 rem

223 2739 350 2798 dicenda
382 2739 516 2815 aubjiuiet
542 2741 653 2800 mulia:
679 2759 767 2815 saepe
791 2759 877 2814 :upra
903 2737 985 2808 terei,
1009 2753 1094 2814 quam

223 2840 285 2899 fieri
296 2841 401 2915 puerit:
424 2840 599 2916 significatio
612 2857 699 2915 saepe
710 2840 764 2898 erit
777 2840 878 2913 major,
891 2855 977 2914 quam
988 2837 1092 2896 uratia:

223 2955 310 3013 uaepe
326 2940 465 3008 hilariter,
479 2957 566 3013 aaepe
585 2939 666 2997 ritae
678 2937 700 2973 ⁰⁰
713 2946 932 3012 naturarumque
957 2935 1093 2994 imitatio.
1197 2969 1198 2980 ι

171 3025 209 3082 41
224 3037 290 3094 flou
304 3037 335 3093 in
356 3055 463 3111 genere
486 3035 568 3116 (nam
580 3038 664 3111 quari
688 3039 794 3096 silvam
815 3032 912 3113 videa)
925 3033 1022 3092 omnia
1036 3035 1094 3090 elu-

222 3139 290 3190 aeat
302 3141 416 3206 oportet
438 3137 622 3212 eloquentiae
635 3139 813 3214 magnitudo.

265 3230 325 3286 Sed
339 3233 422 3301 haee,
443 3233 501 3292 uiai
514 3237 668 3304 collocata,
689 3242 719 3292 et
732 3237 814 3310 quari
833 3241 952 3306 aiructu,
972 3242 1004 3297 et
1017 3255 1094 3298 nexa

224 3327 330 3397 vernis,
350 3331 387 3387 ad
401 3347 467 3388 eam
479 3333 603 3398 laudem,
617 3350 703 3406 quarn
715 3338 856 3403 volumus,
870 3335 1018 3409 adspirare
1031 3356 1091 3396 nun

252 3483 398 3544 ”rimam-l
414 3482 527 3533 uuvm.
546 3484 667 3547 riam.
692 3487 752 3537 Mox
765 3489 855 3539 iuven.
874 3489 1088 3540 tldmtutaunoe-

223 3549 272 3594 tum
279 3548 346 3602 ualet.
361 3557 406 3591 non
415 3541 483 3591 male.

253 3623 274 3658 ⁸⁸
283 3622 475 3688 mutuamque]
490 3621 635 3691 Natumque
644 3624 687 3676 dd
699 3625 756 3684 Veu.
