2474 4188
508 323 643 382 nabutte
964 339 1008 404 30

138 491 233 552 neque
251 475 382 552 perfecte
403 477 519 538 diserte.
561 479 678 538 Mucius
701 484 797 540 aulem
818 498 914 559 augur,
932 486 1008 560 quod

136 591 189 648 pro
212 594 245 633 se
273 593 346 649 opus
363 582 433 644 eret,
455 579 516 652 ipse
538 579 665 647 dicebat,
678 584 710 638 ut
729 582 766 636 de
783 581 912 654 pecuniis
931 601 1008 656 repe·

139 673 236 732 tundis
245 679 348 734 contra
357 675 397 732 Τ.
410 676 575 734 Albucium.
589 677 613 734 is
624 679 807 736 oratorumin
822 695 941 736 numero
951 697 1009 738 non

138 769 204 828 luit:
227 772 304 847 juria
318 773 417 832 civilis
431 775 634 848 intelligentia,
648 779 733 851 alque
747 777 827 836 omni
842 777 1009 850 prudentiae

138 887 246 944 genere
255 871 408 945 praestitit.
430 873 591 932 L-Coeline
600 874 762 948 Antipater,
771 872 1011 952 scriptor(quem·

138 969 295 1028 admodum
309 967 430 1047 videtis)
443 971 506 1038 suit,
521 977 552 1028 ut
566 972 740 1045 temporibus
753 973 820 1040 illis,
836 975 1011 1042 luculentus,

130 1064 205 1140 juris
219 1069 306 1126 valde
319 1069 437 1142 peritus,
448 1072 600 1128 multorum
616 1073 715 1139 etiam,
733 1077 764 1128 ut
780 1073 816 1129 L.
831 1071 939 1140 Graeci,
952 1089 1010 1128 ma·

137 1168 239 1243 gister.

176 1267 304 1326 Utinam
318 1266 349 1326 in
365 1267 416 1326 Ti.
432 1269 578 1337 Graccho,
592 1269 628 1328 C.
639 1288 694 1344 que
707 1270 840 1328 Garbone
851 1269 917 1328 talis
928 1285 1010 1328 meos
1020 1262 1060 1324 27

135 1364 174 1424 ad
181 1367 391 1440 rempublicam
402 1368 477 1424 bene
484 1370 641 1441 gerendam
648 1369 756 1436 luisset,
767 1371 850 1442 quale
860 1369 1009 1442 ingenium

136 1465 176 1522 ed
189 1466 267 1522 bene
280 1465 436 1524 dicendum
446 1466 516 1523 luitl
531 1467 659 1539 prolecto
674 1483 760 1524 nemo
773 1469 818 1524 his
833 1467 903 1525 viris
918 1467 1009 1541 gloria

137 1563 339 1636 praestitisset.
383 1565 443 1621 Sed
462 1581 560 1622 eorum
578 1567 651 1624 alter
664 1571 779 1639 propter
802 1564 1013 1622 turbulentissi·

138 1677 221 1718 mum
233 1661 415 1728 tribunatum,
429 1663 466 1720 ad
477 1681 562 1737 quem
576 1663 739 1720 exviuvidia
749 1663 871 1720 foederis
880 1663 909 1720 N
912 1681 1009 1722 uman-
1109 1681 1118 1687 ·
1132 1681 1139 1686 ·

137 1759 196 1816 tini
211 1761 294 1820 bonis
308 1761 396 1819 iratus
408 1767 580 1828 accesserat,
591 1762 698 1834 abipsa
709 1762 855 1834 republica
865 1768 909 1819 est
922 1763 1009 1820 inter·

136 1859 250 1916 lectus:
279 1860 353 1916 alter
377 1863 491 1932 propter
512 1864 681 1932 perpetuam
702 1861 733 1917 in
755 1860 883 1933 populari
897 1861 1009 1919 ratione

134 1958 305 2023 levitatem,
318 1962 410 2014 morte
435 1957 598 2014 voluntaria
616 1975 648 2012 se
662 1974 681 2012 a
700 1958 856 2014 severitate
877 1958 1010 2028 judicum

136 2051 321 2112 vindicavit.
363 2053 423 2113 Sed
436 2053 499 2116 ¹luit
522 2057 640 2126 uterque
661 2069 786 2110 summus
800 2058 903 2121 orator,
926 2058 1011 2128 atque

136 2152 198 2212 hoc
213 2150 354 2208 memoria
366 2155 478 2224 patrum
489 2155 564 2208 teste
574 2150 707 2210 dicimus.
730 2152 758 2208 N
761 2169 808 2208 em
818 2155 847 2210 et
860 2151 1009 2220 carbonis,

139 2255 170 2308 et
182 2249 314 2308 Gracchi
338 2250 476 2306 habemus
496 2248 651 2317 orationes,
676 2251 803 2308 nondum
823 2249 895 2308 satis
914 2253 1009 2324 splen·

139 2349 224 2407 didas
240 2347 344 2414 verbis,
359 2349 410 2405 sed
434 2353 543 2416 acutas,
568 2349 793 2423 prudentiaeque
815 2349 1007 2423 plenissimas.

140 2447 211 2506 Fuit
226 2446 376 2504 Gracchus
400 2445 553 2518 diligentia
575 2446 730 2503 Corneliae
758 2447 856 2503 matris
878 2465 897 2504 a
919 2464 1010 2521 puero

139 2546 252 2612 doctus,
274 2549 304 2601 et
318 2544 440 2602 Graecis
454 2543 558 2601 litteris
579 2545 716 2601 eruditus.
737 2560 805 2601 nam
828 2562 941 2619 semper
961 2546 1019 2602 ha·.

139 2643 201 2700 buit
214 2642 403 2716 exquisitose
417 2641 544 2699 Graecia
558 2643 718 2715 mag-istros,
730 2642 760 2700 in
772 2642 814 2700 eis
821 2643 885 2715 jam
898 2644 1009 2700 adoles·
1079 2655 1084 2660 ·

138 2757 208 2800 cene
224 2740 410 2815 Diophanem
423 2739 643 2811 Mitylenaeum,
659 2739 812 2808 Graeciae,
834 2741 1009 2814 temporibus

137 2840 205 2908 illis,
219 2840 448 2896 disertissimum.
472 2837 568 2894 sedet
589 2837 678 2892 breve
690 2842 800 2908 tempus
822 2836 937 2910 ingenii
961 2855 1010 2894 au·

135 2939 223 3013 gandi
234 2943 265 2994 e't
277 2936 444 2994 declarandi
457 2934 521 2993 snit.
562 2932 584 2966 ⁶²
595 2933 700 3000 Carbo,
715 2934 791 3007 quod
807 2932 866 2989 vita
879 2934 1009 3008 suppedi-

140 3037 224 3104 tavit,
238 3041 282 3094 est
295 3036 326 3093 in
340 3031 563 3108 multiejudiciis
577 3032 728 3106 causisque
742 3031 883 3104 cognitus.
922 3033 1010 3093 Hunc

140 3136 186 3210 qui
200 3136 353 3192 audierunt
365 3134 518 3206 prudentes
533 3130 675 3198 homines,
697 3130 728 3188 in
743 3130 843 3206 quibus
860 3131 1007 3190 familiaris

138 3240 236 3293 noster
249 3236 285 3292 L.
312 3231 434 3300 Gellius,
448 3232 497 3306 qui
524 3248 555 3288 se
569 3231 614 3286 illi
629 3227 869 3286 ‘contubernalem
883 3229 912 3286 in
940 3247 1009 3288 con-

170 3387 284 3443 ⁸²Gerbo,
344 3385 390 3432 cilo
408 3384 481 3445 supp]
508 3384 544 3430 Sic
563 3385 599 3431 ed.
616 3383 682 3430 Med.
699 3399 727 3430 ex
743 3382 868 3443 quuhldus
882 3381 1007 3442 lecitpswd,

155 3447 185 3493 sic
202 3450 226 3491 et
235 3447 311 3514 June„
327 3445 394 3504 idque
403 3443 425 3488 in
435 3443 532 3514 vulgatis
544 3443 632 3513 marisii.
646 3501 651 3512 Ι
664 3443 785 3489 Lambinus
794 3456 821 3529 ex
831 3455 859 3486 eo
868 3439 1007 3542 secitffacod.

201 3508 262 3550 certe
271 3508 374 3549 vrtsosum
384 3506 417 3548 est
428 3519 433 3545 τ
450 3503 507 3560 quod
517 3502 570 3550 hcet
579 3501 705 3561 intelligere
714 3499 797 3562 quood.
815 3500 853 3547 sed
868 3513 922 3557 quoa
946 3507 1010 3557 pret·

146 3562 243 3622 tplerim.
275 3561 367 3614 iuterim
376 3559 436 3607 edidi
445 3560 508 3620 poll.
