2460 4184
215 333 257 394 ll
574 327 708 377 saurus.

213 489 280 532 eum
293 471 346 531 vir
360 481 465 548 posset,
486 493 541 546 nec
554 474 673 533 omnino
686 491 722 532 eo
741 489 848 548 genere
871 471 992 538 diceret,
1005 475 1078 528 trae·

213 575 304 630 tundo
314 577 411 633 tamen
420 575 594 646 impellebat,
605 579 636 631 ut
644 573 723 630 idem
733 573 920 632 lacerenlase
931 567 1079 636 commoti,

214 673 290 744 quod
311 689 329 728 s
352 671 482 743 Sulpicio
502 670 652 728 concitati.
694 670 763 728 Fuit
777 670 856 726 enim
870 667 1018 741 Sulpicius
1032 667 1083 722 vel

214 769 341 826 maxime
351 764 487 837 omniurn,
499 787 568 844 quos
576 769 693 843 quidem
704 787 759 842 ego
772 766 942 832 audiverim,
956 764 1084 839 graudIs,

215 874 254 934 et,
264 872 295 924 ul
308 868 349 924 ita
362 868 467 934 dicam,
482 867 607 940 tragicus
620 872 723 924 orator.
734 883 793 922 vox
807 881 873 922 cun
888 881 1002 936 magas,
1022 866 1085 918 turn

215 963 363 1032 mocissi
382 965 549 1038 splendida:
570 969 710 1040 gestuset
724 969 817 1021 molus
830 962 957 1034 eorporis
978 961 1082 1026 itavev

216 1067 324 1130 uustus,
338 1069 368 1120 ut
384 1069 480 1120 tamen
492 1065 528 1120 ad
547 1063 648 1130 lorum,
668 1080 726 1126 nou
751 1063 788 1118 ad
801 1077 919 1118 scenam
932 1057 1081 1116 institutus

216 1160 381 1230 videretur:
400 1162 523 1220 incitata
534 1166 570 1217 et,
586 1161 730 1227 volubilis,
741 1178 796 1216 nec
813 1175 848 1216 ea
862 1159 1025 1215 redundans
1042 1163 1084 1212 ta·

216 1275 294 1328 meu,
308 1277 363 1327 uec
377 1260 577 1316 circumfluens
599 1259 698 1316 oratio.
739 1259 876 1316 Crassum
899 1255 948 1312 hic
964 1256 1083 1311 volebat

216 1355 338 1426 imitari;
360 1357 447 1413 Cotta
471 1359 599 1426 malebat
623 1357 798 1415 Antonium:
819 1356 871 1412 sed
894 1355 931 1410 sb
956 1353 1012 1410 hoe
1036 1352 1083 1414 vis
1167 1347 1172 1360 Κ

174 1503 184 1532 p
216 1455 316 1510 aberat
344 1455 478 1522 Antonii,
501 1455 600 1522 Crassi
619 1457 656 1513 ab
679 1455 838 1528 illolepos.
892 1453 1084 1525 Omagnem,

216 1549 320 1625 iuquit,
343 1557 450 1610 artem!
481 1554 596 1620 Brutus,
615 1553 756 1627 siquidem
779 1552 852 1620 istis,
876 1569 942 1610 cum
967 1549 1084 1606 -surnrai

217 1655 315 1718 essent
327 1656 462 1722 oratores,
472 1653 546 1707 duae
557 1669 601 1708 res
611 1632 767 1718 maximae,
777 1653 872 1708 ultera·
885 1649 969 1720 alteri
982 1647 1084 1706 deluit.

166 1749 207 1807 56
221 1749 317 1822 ‚dique
331 1748 362 1806 iu
390 1751 435 1825 llis
449 1750 608 1820 oratoribus
632 1750 703 1806 illud
726 1747 1016 1814 animadvertendum
1029 1750 1084 1814 est,

219 1864 303 1920 posse
312 1865 375 1904 esse
386 1859 519 1914 summos,
530 1849 579 1922 qui
592 1848 669 1904 inter
678 1865 709 1904 se
720 1847 779 1903 sint
792 1846 957 1904 dissimiles.
997 1843 1085 1902 Nihil

220 1945 299 2019 enirn
311 1951 379 2022 tam
391 1945 639 2022 dissimile,·quarn
660 1946 748 2004 cona
762 1945 903 2018 Sulpicio,
917 1949 947 2000 et
965 1947 1085 2016 uterque

220 2045 386 2119 aequalibus
400 2046 459 2102 suis
476 2045 630 2118 plurimum
643 2043 794 2118 praestitit.
836 2043 935 2114 Quare
951 2043 1007 2098 hoc
1018 2043 1086 2098 doe-

220 2142 289 2206 toris
311 2142 500 2214 intelligentis
521 2149 575 2208 est,
596 2141 706 2208 videre,
733 2141 882 2216 quo-ierat
904 2143 1006 2196 natura
1033 2155 1087 2194 sua

211 2255 376 2310 quemque:
394 2242 428 2293 et
441 2255 475 2292 ea
484 2239 558 2293 duee
567 2239 750 2295 utentemsie
761 2229 920 2309 instituere,
930 2241 963 2294 rit
972 2237 1085 2314 leocra-

220 2338 281 2390 tem
307 2333 338 2390 in
362 2333 645 2408 acerrimodngenio
666 2335 861 2410 Theopompi,
885 2341 916 2393 et
936 2335 1088 2392 lenissimo

221 2431 330 2510 Ephori
344 2433 453 2491 dixisse
467 2432 600 2502 traditum
614 2438 668 2501 est,
679 2434 763 2491 alleri
777 2452 808 2490 se
829 2434 956 2491 calearia
969 2433 1087 2492 adhibe

151 2575 153 2578 .
222 2546 262 2608 re,
273 2531 357 2586 alteri
370 2530 473 2602 irenes.
512 2530 638 2604 Sulpicii
648 2531 802 2600 orationes,
813 2549 885 2606 quae
896 2532 1089 2600 leruntur,eas
1135 2583 1141 2590 .

207 2633 286 2702 post
309 2633 436 2704 mortem!
456 2628 516 2701 ejas
543 2629 691 2702 scripsisse
718 2630 756 2686 Ῥ.
786 2630 928 2688 Canutius
961 2634 1086 2702 putatur,

222 2727 348 2804 aequalis
360 2745 448 2794 meus,
462 2727 548 2784 homo
558 2733 641 2784 extra
652 2733 779 2784 nostrum
788 2728 929 2795 ordinem,
937 2726 1090 2799 meojuui,

221 2826 268 2906 cio
291 2825 504 2904 disertissimus.
545 2827 639 2900 Ipsius
664 2825 787 2897 Sulpicii
811 2827 891 2882 nulla
910 2823 1004 2882 oratio
1027 2829 1086 2882 est:

222 2941 365 3001 saepeque
375 2943 413 2983 ex
424 2943 460 3009 eq
468 2923 576 2992 audivi,
591 2941 657 2982 cum
670 2923 937 2998 seserlbereneque
952 2939 1090 2980 consuess

222 3037 263 3088 se,
275 3040 367 3096 neque
380 3041 464 3096 posse
474 3023 594 3079 diceret.
636 3022 741 3086 Guttae
760 3019 781 3052 ²⁴
792 3037 842 3094 pro
853 3039 894 3088 se,
908 3024 973 3094 lege
987 3021 1092 3090 Varia,
1201 3009 1205 3016 ’

222 3135 296 3193 quae
319 3118 491 3187 inscribitur,
515 3136 581 3174 eam
606 3116 627 3148 ²⁵
651 3111 698 3176 L(
716 3120 818 3178 Aelius
843 3119 957 3192 scripsit
983 3121 1088 3181 Cottae

223 3219 332 3288 rogatu.
374 3215 444 3272 Fuit
456 3217 481 3272 is
494 3215 613 3274 omnino
628 3216 673 3274 vir
686 3217 828 3292 egregius,
842 3222 872 3273 et
885 3235 973 3292 eques
985 3205 1090 3276 Roma·

214 3365 323 3432 esslpro
338 3379 366 3421 se,
382 3367 428 3434 lege
446 3365 569 3426 Variusque.
581 3367 648 3436 inse}
679 3366 716 3414 Sic
731 3367 778 3414 inte.
805 3370 942 3428 ungendum:
959 3373 995 3418 est
1010 3371 1091 3432 abmp·

224 3427 276 3482 tius,
285 3439 333 3486 pro‚
344 3437 400 3484 quae
408 3437 473 3470 rnscr.
485 3438 527 3484 pro
534 3439 558 3470 se
567 3425 636 3482 dreia,
648 3441 698 3472 euru
708 3427 757 3484 lege
790 3429 837 3474 aria
847 3443 897 3475 reus
907 3434 972 3476 esset.

253 3504 315 3552 aa.
331 3502 410 3550 amu
425 3501 531 3572 semo]
560 3503 598 3550 sic
608 3502 695 3554 restitui
709 3519 737 3550 ex
753 3505 803 3551 esu.
816 3505 873 3553 ven.
885 3507 951 3554 neu.
963 3487 1018 3556 nri.
1029 3508 1090 3556 runs

223 3562 293 3621 ilict,
303 3569 346 3610 ele.
371 3559 454 3608 serim
463 3566 497 3606 est
509 3561 593 3608 vitium*
598 3561 791 3624 typographum,
808 3567 868 3626 quod
877 3581 918 3628 per
933 3566 1099 3626 negligentiam

221 3619 476 3690 editorumiuvulgatas
484 3619 584 3690 irrepsit,
950 3631 952 3636 ·
