2474 4188
472 307 608 375 arsurus.
925 327 974 397 us

107 453 221 546 tsliquit
235 469 333 530 Calol
355 474 452 530 tamen
465 471 639 549 illiusquam
653 473 684 532 iu
699 475 813 534 vatibus
824 481 854 534 st
864 477 974 537 Faunis

105 576 256 628 enumerat
284 572 406 640 Ennius,
431 573 537 632 bellum
563 574 714 642 Punicum,
737 575 819 649 quasi
844 571 976 650 Myronis

104 685 185 744 opus,
199 673 340 730 delectat.
383 672 429 730 Sit
442 673 553 730 Ennius
566 689 646 741 sane,
660 678 692 731 ut
705 679 750 731 est
763 678 853 743 certe,
872 677 978 748 perseo·

105 769 177 826 tior:
198 773 250 845 qui
264 772 291 828 si
304 773 396 836 illum.
410 777 441 830 ut
454 773 579 840 simulat,
587 778 796 843 contemneret,
807 792 867 833 uon
880 775 979 833 omnia

107 869 182 926 bolla
195 889 384 945 persequens,
398 871 519 946 primum
539 871 611 928 illud
632 872 783 940 Punicum,
807 873 979 932 aosrrlmum

107 967 213 1028 ballum
227 970 403 1045 reliquisset.
444 972 503 1028 Sed
518 971 580 1044 ipse
593 970 675 1038 dieu,
689 987 740 1028 our
753 970 783 1028 id
801 971 899 1040 facist,
918 1003 930 1016 ·
944 999 961 1016 -

104 1065 251 1143 suiprrrr,
263 1068 379 1142 inquit,
402 1067 455 1126 aue·
477 1083 536 1126 rem
552 1065 698 1136 Versibus,
716 1097 728 1112 ·
748 1097 759 1112 ·
779 1073 809 1126 at
832 1071 979 1130 luculenta

103 1167 220 1240 quidem
234 1167 422 1240 soripsernut,
435 1167 562 1226 etiamsi
580 1167 683 1236 minus,
702 1183 789 1241 quam
813 1171 853 1234 tu,
877 1167 978 1242 polite.

104 1263 133 1321 N
135 1282 171 1322 eo
187 1283 263 1323 vero
276 1265 329 1324 tibi
344 1265 428 1322 aliter
441 1265 535 1324 videri
548 1267 635 1324 debet
647 1249 663 1335 ς’
677 1267 726 1340 qui
747 1283 765 1323 a
788 1266 905 1324 Naevio
930 1269 979 1324 vsl

102 1363 234 1422 surmisti
249 1367 349 1431 multa,
359 1364 385 1422 si
400 1364 514 1423 luteris:
536 1365 594 1431 vel,
608 1365 633 1421 si
648 1383 745 1440 negas,
760 1364 930 1439 surripuisti.

143 1461 223 1522 Cum
238 1465 295 1520 hoo
309 1464 423 1521 Catone
436 1462 601 1537 grandiores
616 1464 807 1522 natuluerunt
821 1465 856 1522 C.
873 1464 980 1524 Flami·

102 1560 182 1628 aius,
197 1563 235 1620 G.
249 1563 353 1630 Varro,
368 1563 406 1634 Q.
421 1561 577 1630 Maximus,
591 1563 629 1634 Q.
643 1563 790 1630 Metellus,
812 1563 847 1620 Ρ.
872 1563 981 1621 Leutu-

104 1661 160 1726 lus‚
190 1660 226 1718 P.
252 1661 381 1730 Crassus,
403 1661 452 1735 qui
469 1679 537 1719 oum
556 1660 701 1734 superiore
724 1659 865 1718 Africano
878 1662 980 1718 consul

105 1757 167 1816 luit.
227 1761 326 1832 Ipsum
354 1760 523 1833 Soipionom
551 1759 716 1833 accepimus
743 1777 802 1816 non
838 1759 982 1817 infantem

105 1854 204 1914 luisse.
242 1858 319 1916 lilius
346 1858 464 1931 quidam
490 1858 561 1929 qius,
597 1855 632 1925 is,
659 1858 708 1932 qui
736 1858 813 1914 huno
840 1857 983 1914 minorem

103 1954 285 2027 ‘Scipionum
307 1973 325 2009 a
347 1955 449 2010 Paullo
471 1955 630 2026 adoptavit,
651 1956 676 2013 si
699 1971 819 2026 oorpore
834 1955 984 2024 valuisset,

103 2051 261 2126 inprimis
281 2051 394 2108 habitus
415 2055 491 2108 esset
510 2051 640 2108 disertus.
682 2051 818 2110 Indicant
836 2069 903 2110 oum
923 2069 984 2110 ora·

107 2154 271 2218 liunoulaa
281 2157 340 2208 tuus
349 2150 467 2209 historia
475 2150 615 2224 quaedum
628 2149 750 2218 Graeca,
761 2150 868 2224 scripta
879 2151 983 2209 dulcis·

106 2252 191 2309 sime.
251 2251 279 2308 N
283 2267 433 2324 umeroque
460 2251 563 2307 eorlem
589 2247 643 2308 luit
671 2249 742 2307 Sex.
771 2249 1034 2324 Aelius,juri120

109 2353 229 2426 quidem
255 2349 353 2408 civilis
380 2349 508 2408 omnium
534 2348 733 2422 peritissimus,
760 2349 811 2405 ssd
833 2348 922 2407 otiam
944 2351 982 2407 all

107 2450 267 2508 uiuendum
281 2453 403 2522 paratus.
434 2447 481 2505 De
493 2446 649 2504 minoribus
663 2452 769 2513 autem,
781 2446 817 2504 C.
834 2447 982 2520 Sulpicius

111 2549 225 2616 Gallus,
244 2546 266 2580 ⁴⁹
275 2547 324 2621 qui
334 2545 461 2604 maxime
474 2545 604 2604 omniurn
618 2543 757 2601 nobilium
768 2544 891 2602 Graecis
904 2546 980 2602 litte·

112 2647 148 2704 ris
161 2647 282 2714 studuit,
295 2645 375 2719 isque
390 2649 422 2700 et
437 2649 581 2700 oratorum
594 2643 626 2700 in
634 2659 754 2699 numero
763 2647 809 2699 est
819 2643 942 2711 habitus,
951 2647 982 2702 ot

111 2747 164 2804 l'nlt
176 2745 296 2819 reliquis
311 2746 393 2802 rebus
407 2745 534 2807 ornatus,
548 2745 633 2813 atque
647 2742 774 2812 elegans.
814 2741 885 2798 Jans
903 2742 983 2798 enim

113 2851 172 2903 erat
185 2843 303 2902 unctior
321 2841 462 2920 quaedam
489 2837 721 2911 splendidiorque
747 2838 926 2894 eonsuetudo
944 2840 983 2894 lo·

113 2942 229 3018 urendi.
271 2943 299 2999 N
303 2958 359 3008 am,
372 2942 428 2998 hoo
442 2942 574 3011 praetore
589 2936 670 2992 ludos
691 2933 823 3008 Apollini
847 2934 982 3006 faciente,

113 3057 178 3100 oum
202 3041 359 3113 'l'hyesten
381 3038 506 3095 fabulam
528 3035 682 3097 docuisset,
708 3034 745 3106 Q.
775 3033 897 3102 Maroio,
924 3037 980 3096 Gn.

116 3139 243 3197 Servilio
255 3137 430 3203 oonsulibus,
444 3140 564 3194 mortem
583 3133 656 3191 obiit
677 3131 798 3190 Ennius.
839 3133 909 3192 Erat
931 3135 979 3194 iis·

114 3237 178 3296 dem
193 3235 368 3311 temporibus
383 3235 434 3292 Ti.
444 3233 604 3300 Gracchus,
619 3233 652 3290 P.
665 3231 701 3289 1².
715 3231 764 3306 qui
778 3231 821 3290 bis
835 3237 938 3294 consul
950 3239 981 3296 ot

142 3390 163 3423 ⁴⁰
177 3391 217 3451 qui
224 3390 322 3436 mim
330 3388 360 3457 u]
376 3387 423 3434 sine
436 3385 505 3432 dubio
519 3359 637 3457 dslsndum
646 3385 692 3446 qui.
703 3399 761 3456 ‘nam
769 3385 825 3433 alias
835 3386 858 3432 in
868 3387 906 3432 Ds
914 3401 944 3432 m.
955 3403 976 3435 u«

117 3447 141 3494 ι’.
151 3449 173 3496 S.
184 3449 275 3504 Gallus,
284 3447 451 3505 intelligendum
460 3446 573 3501 loretsuut
582 3445 751 3506 esuperioubus
760 3445 820 3492 Cum
828 3445 867 3490 lus
873 3445 900 3491 0.
910 3459 981 3501 gnus·

115 3507 182 3554 diores
190 3507 365 3563 nutusrmul:
379 3505 438 3566 quod
447 3508 482 3550 su
491 3503 635 3562 durissimum,
642 3519 692 3552 mm
702 3508 748 3550 tam
763 3503 834 3550 muta
849 3501 980 3561 interpositu

115 3563 163 3623 sint,
174 3571 196 3612 et
205 3565 235 3613 nit
244 3563 298 3612 novi
307 3562 393 3622 generis
402 3561 496 3609 initium.

150 3665 222 3708 uon.
245 3664 295 3704 ιιι.
605 3647 623 3698 4
