2444 4194
214 385 276 443 155
574 376 716 426 culros.

210 524 388 593 fecissemus,
401 523 426 581 si
447 523 563 599 quidem
583 524 783 597 potuissemus,
796 541 854 598 quo
872 522 1089 594 contendimus,

210 625 374 698 pervenire,
387 624 418 680 in
433 641 468 679 ec
480 624 560 690 urbe,
570 621 601 680 in
616 640 671 697 quc
684 619 730 699 (ut
739 622 779 680 nit
792 619 954 700 Antonius)
972 623 1089 681 unditus

211 725 349 798 eloquens
363 739 447 780 nemo
460 726 531 778 erat.
574 721 674 796 Atqui,
688 721 713 778 si
728 721 859 779 Antonio
878 721 1001 780 Crassus
1021 724 1080 778 elo

211 840 301 897 quens
322 822 401 878 visus
421 839 480 878 non
500 825 554 889 est,
574 825 626 878 aut
643 820 699 877 sibi
718 821 799 893 ipse:
820 837 976 895 numquam
997 821 1088 878 Cotto

211 921 291 980 visus
304 925 390 988 esset,
401 937 556 995 numquam
566 919 721 993 Sulpicius,
730 927 886 993 numquam
898 919 1085 976 Hortensius.

210 1019 285 1078 nihil
306 1020 385 1078 enim
405 1021 501 1093 ample
515 1019 613 1084 Cotta,
633 1017 707 1076 nihil
728 1017 832 1075 leniter
847 1017 1005 1091 Sulpicius,
1025 1035 1087 1076 non

207 1121 302 1176 multu
328 1119 456 1194 graviter
484 1118 665 1176 Hortensius.
721 1118 890 1190 Superiores
920 1117 1014 1192 magis
1044 1119 1084 1174 nd

211 1235 297 1274 omne
339 1235 429 1291 genus
461 1217 530 1290 epti,
559 1216 696 1274 Crassum
728 1216 806 1283 dico,
842 1221 872 1274 et
909 1215 1084 1274 Antonium.

211 1315 331 1386 Jejunas
360 1315 448 1389 igitur
467 1315 551 1388 hujus
572 1314 751 1387 multiplicis,
771 1320 802 1371 et
830 1305 1022 1390 aequabiliter
1051 1315 1087 1374 in

210 1411 308 1470 omnia
327 1430 435 1485 genera
455 1413 535 1469 lusae
555 1412 694 1469 orationis
715 1431 798 1470 sures
818 1413 948 1470 civitatis
970 1412 1087 1488 occepi·

109 1568 116 1577 ,
209 1528 290 1568 mus:
332 1527 437 1584 easque
473 1528 525 1566 nos
559 1510 655 1584 primi,
689 1511 861 1585 quicumque
898 1528 1023 1579 eremus,
1056 1519 1089 1570 et

211 1611 501 1684 quantulumcumque
534 1607 711 1677 dicebamus,
744 1607 766 1642 '⁰
779 1611 816 1666 cd
849 1610 935 1682 hujus
969 1611 1087 1684 generis

214 1704 357 1786 [dicendi]
382 1707 520 1766 audiendi
543 1706 728 1766 incredibilis
755 1707 851 1765 studia
874 1710 1086 1767 convertimus.

214 1807 339 1879 Quantis
370 1806 422 1864 illa
455 1806 627 1864 clamoribus
655 1807 865 1864 adolescentuli
891 1807 1020 1865 diximus
1047 1809 1088 1866 de

213 1904 357 1980 supplicio
378 1902 603 1979 parricidamm?
623 1923 696 1980 quse
717 1922 896 1980 nequcquum
909 1906 980 1964 satis
994 1906 1089 1964 deler-

213 2005 309 2062 buime
329 2009 394 2080 post
415 2005 563 2081 aliquanto
582 2005 691 2062 sentire
711 2005 869 2078 coepimus.
910 2001 993 2068 Quid
1013 2004 1090 2062 urim

213 2111 272 2160 tam
286 2121 435 2172 conrnune,
449 2121 532 2179 quum
551 2102 669 2178 pmcn
687 2101 766 2170 mois,
778 2109 856 2160 lma
868 2102 996 2172 nuncio,
1006 2121 1089 2162 mure

198 2199 417 2277 fluctuantibus,
431 2199 499 2256 litus
512 2199 629 2275 pecie?
647 2201 694 2257 lta
707 2199 808 2270 urum,
824 2200 889 2258 dum
903 2209 1032 2278 possessu,
1052 2208 1085 2260 ut

214 2295 311 2352 dulcem
324 2293 449 2352 animum
469 2293 501 2352 de
514 2294 589 2352 caelo
602 2315 657 2353 nors
671 2306 790 2373 pereant:
808 2297 850 2356 itu
868 2299 1038 2370 murionum,
1056 2309 1091 2360 ul

214 2411 309 2451 eorum
332 2409 397 2451 ossa
410 2391 544 2451 “terram
562 2413 619 2451 nou
636 2401 776 2472 tangant:
794 2396 836 2456 ita
854 2399 1006 2476 jactantur
1015 2399 1094 2478 fluc-

213 2491 296 2561 tibus,
316 2499 348 2551 ut
365 2509 517 2569 unusquam
535 2491 753 2553 silvamunda
769 2503 908 2573 postremo
927 2495 1089 2576 ejiciuntur,

213 2598 244 2648 ul
272 2610 306 2648 nc
330 2590 370 2648 ad
387 2609 458 2649 sucu
484 2589 594 2668 quidem
612 2592 715 2650 monui
733 2593 947 2670 cmsquieecunt3
965 2601 996 2655 et
1015 2615 1092 2673 quse

215 2696 383 2766 sequuntur.
427 2691 502 2748 Sunt
515 2691 594 2749 euim
608 2693 714 2760 omniu,
725 2693 801 2751 sicut
814 2697 1018 2765 adolescentis,
1030 2714 1093 2755 non

216 2799 276 2852 lum
298 2809 327 2849 rc
348 2795 378 2848 et
399 2790 573 2861 maturitate,
589 2811 674 2866 quum
685 2810 735 2866 spe
750 2799 780 2850 et
790 2796 1021 2868 exspectatione,
1030 2798 1093 2853 luu-

217 2891 289 2950 duti.
332 2892 381 2949 Ab
395 2892 451 2949 hac
465 2889 563 2948 indole
577 2891 641 2963 jam
655 2891 706 2949 illc
720 2895 849 2949 matura:
884 2891 965 2950 Uxor
980 2891 1091 2969 genes,

217 3006 334 3046 nouum
344 2987 416 3066 filii,
427 2987 512 3066 filiae
526 2987 626 3064 psilen
682 2991 748 3048 Nec
770 3008 841 3048 vero
861 2991 910 3049 hic
931 3009 1005 3050 unus
1026 2997 1092 3050 emt

217 3087 299 3142 ardor
320 3087 350 3142 in
364 3087 456 3154 nobis,
468 3091 499 3144 ut
519 3087 575 3144 hoc
596 3089 682 3144 modo
695 3089 793 3146 omniu
806 3089 977 3148 diceremus.
1021 3093 1093 3165 lpse

217 3183 296 3240 enim
323 3184 375 3240 ills
401 3203 453 3257 pro
480 3184 589 3242 Roscio
605 3185 749 3256 juvenilis
776 3188 977 3257 redundantis,
998 3160 1091 3248 mults

247 3332 887 3404 utrunqugewudtcmaioudimasimnudia.
930 3341 1091 3392 narem

218 3394 325 3463 Cicerone
339 3407 370 3462 suc
385 3393 473 3496 scriptu,
484 3393 575 3442 mendi
590 3395 706 3455 audiendi,
722 3413 833 3462 nunquam
848 3415 860 3446 e
902 3399 1090 3460 'detinuimus

217 3457 252 3502 nt
261 3465 308 3500 nne
317 3450 385 3498 dublo
393 3465 407 3497 c
415 3465 430 3509 g
439 3465 494 3497 ossa.

248 3535 273 3569 Ἡ
287 3538 371 3580 terrum
381 3546 427 3579 nun
440 3532 551 3594 iungunt]
582 3533 619 3580 Sic
633 3533 693 3580 edidi
707 3551 757 3582 curn
775 3537 843 3594 Aldo,
861 3538 923 3584 lunt.
940 3537 1029 3600 Gryph.
1045 3551 1090 3600 pro

218 3602 279 3642 terra
292 3607 338 3640 seon
351 3595 434 3650 ungui,
444 3592 504 3652 quod
519 3596 544 3638 et
557 3591 647 3640 iuMsr.
659 3608 683 3638 re
712 3600 771 3642 rtnm
788 3602 830 3653 ert,
841 3605 864 3643 et
874 3597 903 3642 cd
913 3597 953 3642 Or.
965 3597 1088 3658 proRcre.

218 3653 341 3760 illidi
350 3651 675 3761 iussissem
683 3653 807 3772 ilbi?
816 3661 876 3762 us
885 3655 1093 3768 qqffine

1167 472 1184 504 ,
