2460 4184
226 321 269 378 54
592 311 728 365 BRU'IUS.

224 457 399 527 benedixit,
413 463 445 517 ut
458 459 605 518 hominem
619 461 824 529 acutissimum,
845 463 881 535 Q.
903 463 1090 530 Scaevolam,

225 564 255 616 et
275 560 400 632 injure,
421 557 479 616 s”in
493 577 549 632 quo
568 560 620 616 illa
639 577 727 616 ceusu
747 563 921 629 vertebatur,
945 561 1092 635 paratissi-

225 675 312 725 mum,
332 660 464 715 obrueret
477 663 706 731 argumentorum
720 662 973 734 exemplorumque
988 658 1092 732 copia:

225 761 311 830 atque
330 757 372 812 ita
390 759 450 812 tum
468 755 564 811 abhis
582 755 711 829 patronis
724 757 899 830 aequalibus,
919 756 1008 814 etiam
1021 768 1091 814 eon·

225 853 373 918 sularibus,
387 871 475 910 eausa
487 853 539 910 illa
551 855 631 912 ‹lieta
644 859 697 920 est,
710 871 777 910 eum
791 859 908 929 uterque
921 873 960 912 ex
974 859 1090 912 eontra·

225 951 268 1008 riu
282 958 363 1024 parte
379 951 429 1024 jus
441 952 533 1009 eivile
553 952 730 1018 detenderet,
751 957 783 1009 ut
795 952 990 1026 eloquentium
1004 951 1091 1024 juris·

225 1049 413 1123 peritissimus
436 1051 565 1117 Crassus,
586 1047 814 1123 jurisperitorum
838 1048 1092 1123 eloquentissimus

227 1151 373 1206 Scaevola
387 1153 550 1221 putaretur:
570 1147 749 1222 quiquidem
768 1165 834 1204 eum
848 1152 1000 1221 peracutus
1013 1153 1093 1204 esset

192 1281 194 1290 ι
225 1247 261 1302 ad
282 1246 515 1319 excogitandum,
535 1246 602 1320 quid
618 1245 649 1303 in
666 1246 740 1318 jure,
761 1251 811 1302 aut
829 1245 861 1302 iu
880 1262 972 1319 aequo
986 1263 1090 1302 verum

225 1348 274 1400 aut
288 1350 374 1410 esset,
390 1349 439 1400 aut
453 1361 511 1400 non
525 1349 611 1410 esset,
631 1348 691 1400 tum
706 1343 802 1400 verbis
816 1348 877 1400 erat
891 1344 928 1400 ad
948 1351 1008 1399 tem
1021 1361 1091 1401 oum

225 1458 335 1497 summa
354 1440 498 1497 brevitate
517 1441 686 1498 mirabiliter
705 1446 797 1514 aptus.
838 1443 934 1512 Quare
954 1441 1093 1498 sitnobis

224 1544 319 1596 orator
333 1539 363 1596 in
381 1541 436 1596 hoe
450 1539 669 1612 interpretandi,
689 1540 931 1614 explanandique,
951 1545 982 1596 et
1001 1540 1092 1596 disse·

225 1637 308 1693 rendi
321 1655 427 1711 genere
441 1637 591 1704 mirabilis,
603 1637 646 1693 sio
659 1642 691 1694 ut
705 1637 799 1694 simile
813 1637 887 1696 nihil
902 1637 1043 1694 viderim:
1060 1638 1092 1696 iu

225 1738 366 1809 augendo,
386 1737 416 1792 in
431 1737 568 1803 ornando,
588 1736 620 1792 in
634 1736 791 1792 refellendo
804 1735 897 1808 magis
908 1735 1092 1794 existimator

173 1861 214 1920 40
226 1835 406 1900 metuendus,
439 1851 524 1908 quam
557 1834 739 1894 admirandus
767 1837 870 1890 orator.
914 1833 1026 1890 Verum
1054 1835 1110 1892 ed*

227 1933 362 1992 Crassum
375 1937 561 1990 revertamur.
595 1932 675 1988 'Pum
689 1932 803 1998 Brutus,
817 1930 881 1988 Etsi
894 1931 974 1998 satis,
987 1931 1092 2006 inquit,

225 2031 296 2089 mihi
309 2032 429 2089 videbar
439 2033 545 2088 habere
555 2030 703 2105 cognitum
716 2031 889 2087 Scaevolam
899 2047 937 2086 ex
949 2029 986 2086 iis
996 2032 1092 2098 rebus,

225 2148 295 2202 quas
323 2131 474 2184 audiebam
495 2145 582 2200 saepe
604 2146 642 2183 ex
670 2129 706 2185 C.
728 2128 848 2194 Rutilio,
874 2145 930 2202 quo
955 2130 1092 2186 utebatur

225 2229 340 2298 propter
353 2224 576 2280 familiaritatem
601 2226 763 2281 Scaevolae
785 2225 885 2293 nostri,
911 2231 1008 2282 tamen
1032 2225 1091 2284 ists

225 2322 298 2379 mihi
317 2321 377 2394 ejus
391 2321 509 2378 dicendi
529 2327 609 2378 tanta
624 2325 694 2391 laus,
714 2329 783 2381 nola
801 2341 859 2382 nou
874 2329 943 2381 erat.
985 2325 1090 2399 ltaque

225 2419 291 2494 eepi
306 2423 494 2492 voluptatem,
514 2424 573 2478 tum
588 2426 720 2478 ornatum
741 2421 843 2490 virum,
864 2427 979 2496 tamque
992 2425 1092 2479 exeel·

225 2521 290 2576 lens
310 2518 458 2592 ingenium
478 2517 564 2576 tuisse
585 2519 617 2576 iu
637 2526 735 2576 nostra
755 2520 910 2594 republica.
952 2520 1010 2578 Hie
1024 2537 1091 2594 ego,

226 2616 307 2684 Noli,
322 2617 447 2690 iuquam,
459 2617 558 2684 Brute,
569 2616 746 2686 existimare,
756 2617 802 2674 his
815 2620 924 2676 duobus
934 2618 1090 2692 quidquem

224 2715 313 2774 luisse
327 2715 358 2772 in
378 2721 475 2774 nostra
488 2715 610 2774 civitate
623 2716 822 2790 praestantius.
843 2734 920 2783 uam,
941 2721 972 2774 ut
991 2718 1090 2788 paullo

225 2821 294 2873 ante
308 2815 381 2883 uixi,
400 2817 596 2873 consultorum
614 2817 735 2872 alterum
756 2815 982 2881 disertissimum,
1002 2814 1091 2870 diser·

227 2919 320 2972 torum
333 2917 454 2972 alterum
475 2913 717 2972 consultissimum
736 2913 838 2982 suisse3
857 2913 899 2969 sie
920 2912 952 2970 in
972 2911 1089 2986 reliquis

227 3014 310 3068 rebus
324 3013 365 3068 ita
378 3013 532 3074 dissimiles
546 3018 628 3070 erunt
638 3013 714 3070 inter
726 3031 799 3079 sese,
810 3017 935 3070 statuere
948 3018 980 3069 ut
990 3019 1089 3070 tamen

227 3125 285 3164 non
301 3125 407 3181 posses,
416 3109 505 3167 utrius
519 3116 547 3168 te
559 3113 659 3168 malles
673 3111 849 3176 similiorem.
891 3111 1011 3168 Oramus
1028 3118 1090 3170 erat

226 3205 403 3278 elegantium
427 3207 618 3280 parcissimus,
639 3209 783 3266 Scaevola
805 3225 954 3282 parcorum
974 3211 1089 3282 elegan-

226 3302 362 3360 lissimus.
404 3303 522 3361 Crassus
537 3305 568 3362 in
582 3323 691 3363 summa
706 3306 845 3364 comitate
859 3307 984 3363 habebat
1000 3306 1089 3362 etiam

209 3426 318 3508 ..utin
332 3470 373 3516 pm
393 3455 432 3502 illu
446 3469 511 3501 marm
528 3457 669 3518 emebatur]
700 3459 748 3507 Ms.
764 3473 804 3519 reg
828 3459 864 3514 ed.
882 3459 941 3507 Ven.
962 3458 1093 3508 ueremur

225 3515 313 3574 melius,
324 3519 385 3562 certe
394 3515 500 3562 usitatius.
