2474 4188
494 335 630 398 bllvTu's.
956 351 995 415 pp

128 499 319 558 ter'loentns.
348 473 445 571 *Quae
468 498 529 556 lsns
557 497 661 554 endem
688 493 720 553 in
743 494 782 553 A.
798 493 908 554 Albino
921 497 998 572 bens

128 599 263 674 loquendi
276 598 339 655 luit.
381 597 410 653 N
412 613 459 653 sm
473 597 577 654 flamen
598 595 725 652 Albinus
737 594 827 652 etiam
836 593 868 651 in
882 611 999 654 numero

130 701 172 754 est
185 697 301 754 habitus
314 697 494 754 disertorum.
536 695 573 768 Q.
585 693 675 751 etiam
688 693 810 767 Caepio,
824 693 871 750 vir
883 709 959 761 noer,
970 697 1001 751 et

129 795 215 864 fortis,
229 797 278 855 cui
303 796 416 854 l'ortuns
439 794 520 862 belli,
540 792 673 863 orimini3
692 792 807 850 invidia
831 792 940 866 populi,
954 807 1001 850 oa·

129 895 250 956 lamitati
265 894 329 952 l'uit.
371 893 450 951 'l'nm
461 891 550 950 etism
572 893 608 950 C.
631 898 662 949 et
674 892 710 949 L.
725 891 868 960 Memmii,
886 883 1052 949 ruerunttlo

129 998 252 1051 oratores
267 993 438 1060 mediocres,
463 995 645 1050 accusatores
672 1006 761 1058 seres,
785 995 870 1065 etque
891 989 999 1048 acerbi.

129 1091 224 1168 itaque
237 1093 271 1151 in
279 1092 424 1168 judicium
443 1089 548 1165 capitis
559 1093 664 1148 multos
677 1093 868 1156 vocaverunt,
881 1107 933 1161 pro
942 1089 1000 1148 reis

128 1207 185 1249 non
196 1206 287 1266 saepe
300 1191 449 1248 dixemnt.
477 1191 528 1263 Sp.
541 1188 669 1246 Thorius
683 1187 753 1246 satis
767 1185 861 1245 valuit
873 1186 905 1247 in
914 1203 1000 1261 popu·

126 1289 179 1348 lari
192 1309 303 1366 genere
316 1287 445 1356 dicendi,
456 1287 491 1355 is,
510 1285 559 1363 qui
572 1304 672 1361 sgmm
685 1287 832 1360 publicum
850 1285 955 1344 vitiosa
969 1289 1000 1344 et

127 1385 224 1447 inutili
238 1392 314 1464 lege,
328 1387 468 1462 vectigali
483 1385 606 1444 levavit
647 1385 691 1444 Μ.
720 1385 877 1444 Marcellus
894 1387 998 1444 Aeser·
1041 1385 1044 1392 ’

101 1484 192 1548 ‚uini
205 1494 297 1560 pater,
321 1505 380 1544 non
398 1486 450 1544 ille
471 1484 587 1560 quidem
613 1485 645 1542 in
669 1486 806 1558 patronis,
829 1485 881 1542 sed
908 1490 939 1542 et
965 1486 998 1543 in

126 1586 250 1658 promtis
264 1591 369 1654 tamen,
380 1589 479 1642 elnon
493 1583 694 1642 inexercitatis
709 1583 922 1652 addicendum,
934 1583 997 1654 luit,

125 1688 158 1741 ut
183 1685 258 1742 filios
282 1686 353 1758 ejus,
369 1685 402 1741 P.
418 1683 570 1742 Lentulus.
611 1683 647 1740 L.
656 1683 746 1740 etiam
766 1684 864 1749 (totle,
887 1689 997 1756 presto·

125 1781 193 1851 rina
207 1783 443 1848 inmediocrium
456 1787 602 1840 oratorum
613 1797 741 1848 numero,
755 1781 873 1840 dicendi
887 1782 998 1839 nonita

126 1883 250 1943 multum
263 1883 350 1939 lande
364 1885 549 1954 processerat,
570 1881 672 1937 sedete
691 1879 841 1947 industris,
854 1897 922 1936 cum
936 1897 999 1937 ver·

126 1979 181 2048 bis,
192 1986 258 2038 tum
271 1979 362 2035 etiam
384 1978 448 2050 ipso
461 1995 532 2034 sono
545 1963 630 2050 quasi
640 1976 800 2032 subrustico
813 1977 1000 2050 prosequeba-

124 2083 183 2146 tur,
198 2082 287 2152 atque
302 2075 468 2132 imitabatur
480 2073 691 2148 antiquitatem.

166 2177 272 2250 Atque
285 2191 341 2248 ego
351 2179 381 2231 et
394 2173 426 2230 in
442 2174 496 2230 boc
511 2172 576 2245 ipso
586 2172 686 2237 Cotta,
700 2176 730 2228 et
743 2171 774 2228 in
785 2171 850 2229 eliis
863 2172 999 2246 pluribus

126 2269 273 2348 intelligo,
294 2289 412 2330 menon
427 2270 469 2329 ita
488 2271 609 2328 disertos
630 2270 763 2328 homines
776 2275 807 2328 et
820 2271 952 2330 retulisse
965 2274 998 2332 in

126 2380 272 2432 oratorum
287 2389 443 2439 numemm,
457 2376 487 2428 et
507 2373 670 2428 relaturum.
712 2370 766 2428 Est
779 2371 858 2429 enlm
871 2373 998 2446 pmposi·

128 2475 188 2531 tum
201 2474 343 2547 colligere
357 2490 416 2540 eos,
436 2470 485 2546 qui
505 2471 560 2528 boc
575 2487 694 2528 munere
713 2469 885 2528 incivitate
903 2472 998 2531 iuncti
1064 2462 1069 2471 ’

129 2570 194 2640 sint,
224 2576 256 2628 ut
279 2575 413 2628 tenerent
437 2574 580 2626 orstomm
600 2571 711 2626 locum:
739 2585 858 2642 quorum
881 2568 997 2643 quidem

128 2687 198 2744 quae
214 2669 300 2726 luerit
321 2667 464 2734 ascensio,
478 2673 508 2724 et
525 2683 611 2742 quam
630 2667 661 2724 in
675 2665 808 2724 omnibus
829 2668 913 2724 rebus
926 2667 998 2726 oim-

129 2767 192 2826 oilis
218 2767 320 2842 optimi
343 2765 492 2840 perfectio,
515 2770 601 2838 atque
623 2765 775 2831 absolutio,
797 2783 836 2822 ex
859 2783 905 2833 eo,
923 2767 998 2840 qnod

129 2865 236 2935 (licam,
263 2863 425 2923 existimari
454 2867 558 2936 potest.
600 2861 695 2932 Quam
721 2861 805 2918 multi
831 2862 918 2918 enim¹
934 2863 999 2934 jam
1051 2877 1052 2882 ’

130 2971 256 3023 oratores
277 2961 496 3022 commemorati
519 2965 595 3027 sunt,
620 2964 650 3015 et
674 2975 760 3034 quem
775 2958 824 3016 diu
849 2958 879 3018 in
899 2977 997 3021 eorum

65 3111 69 3120 .
131 3062 348 3121 enumeratione
361 3077 516 3127 versamur,
531 3074 597 3116 cum
611 3063 709 3115 tamen
723 3057 823 3131 spisse,
834 3064 919 3134 atque
934 3061 996 3133 vix,

130 3165 161 3218 nt
172 3162 281 3220 dudum
301 3159 339 3215 ad
354 3159 582 3216 Demosthenem
602 3163 633 3214 et
652 3157 841 3231 Hyperidem,
860 3159 903 3218 sic
918 3177 995 3226 nuno
1041 3196 1045 3208 ·

130 3261 165 3317 sd
181 3259 345 3318 Antonium
359 3259 549 3332 Crassumque
562 3253 768 3330 pervenimus?
793 3257 870 3315 Nsm
883 3277 938 3334 ego
951 3262 995 3320 sic
1040 3235 1045 3244 Ι

131 3358 277 3424 existimo,
297 3357 349 3412 bos
363 3361 489 3413 oratores
510 3355 598 3414 inisse
612 3355 763 3422 maximoe,
784 3355 862 3414 etin
883 3358 927 3416 bis
942 3360 996 3432 pris

132 3558 292 3632 sequetem.
333 3552 440 3648 Omnia
460 3552 618 3612 veniebant
638 3553 770 3612 Antonio
794 3551 826 3609 in
850 3557 1047 3626 mentemtal
