2444 4192
445 321 641 374 ottA'rOltUM.
928 327 993 392 317

127 474 243 540 mutae,
261 470 439 540 detestandi,
458 471 540 548 qumi
553 476 681 546 arnume,
700 474 913 542 eommovendi,
932 492 994 550 gra·

128 588 193 631 ves.
235 571 295 630 Sed
314 577 345 629 et
358 573 509 630 verborum
529 575 575 628 est
593 575 735 630 structura
755 573 905 647 quaedam,
924 575 995 630 duas

128 685 176 726 res
197 669 336 738 effioiens,
356 687 515 738 numerum,
538 675 570 727 et
591 670 762 728 lenitatem:
784 675 814 727 et
834 670 996 728 sententiae

129 784 212 826 suam
231 767 479 843 compositionem¹
492 770 610 836 habent,
628 773 659 826 et
681 771 719 826 ad
740 770 917 842 probandam
936 785 997 825 rem

129 868 380 926 aeeommodatum
394 867 534 927 ordinem.
555 868 606 924 sed
626 885 724 925 earum
745 867 874 926 omniurn
894 885 996 935 rerum,

129 968 164 1022 ut
181 963 386 1033 aedificiorum,
404 964 543 1023 memoria
556 970 602 1022 est
620 966 702 1040 quasi
714 964 941 1034 tundamentum,
955 967 998 1022 lu·

128 1080 198 1121 men
212 1064 300 1122 actio.
340 1065 385 1122 Ea
398 1063 486 1138 igitur
498 1063 597 1122 omnia
609 1064 641 1121 in
651 1080 707 1139 quo
721 1080 840 1131 summa,
853 1061 926 1120 ⁴erit
935 1081 997 1120 ora·

129 1162 400 1236 torperitissimus3
422 1163 532 1237 inquo
555 1162 659 1230 media,
682 1161 855 1220 mediocris:
883 1161 914 1218 iu
940 1177 998 1235 quo

124 1260 257 1330 minima,
267 1261 447 1319 deterrimus.
468 1261 508 1318 Et
518 1262 738 1336 appellabuntur
747 1278 847 1319 omnes
860 1264 997 1330 oratores,

125 1365 162 1420 ut
183 1360 309 1434 pictores
331 1362 513 1434 appellantur
532 1359 622 1418 etiam
648 1359 736 1418 mali:
763 1377 819 1417 nee
843 1360 996 1434 generibus

125 1458 206 1516 inter
230 1476 303 1527 sese,
323 1460 377 1517 sed
396 1458 580 1518 facultatibus
601 1458 743 1517 different.
786 1461 886 1535 ltaque
910 1475 997 1517 nemo

131 1560 180 1614 est
191 1561 296 1625 emtor,
307 1556 357 1632 qui
370 1575 402 1614 se
416 1557 624 1616 Demosthenis
637 1557 762 1615 similem
780 1575 843 1613 esse
857 1558 946 1614 nolitt
966 1561 997 1613 at

126 1653 301 1724 Menander,
311 1655 431 1713 Homeri
444 1656 554 1714 noluit:
568 1673 660 1738 genus
674 1654 752 1710 enim
765 1656 827 1710 erat
841 1655 930 1711 aliud.
961 1655 996 1710 ld

126 1770 190 1812 uon
204 1754 292 1812 estin
307 1753 484 1812 oratoribus:
503 1757 555 1810 aut
567 1752 592 1809 si
606 1757 659 1818 est,
678 1756 711 1808 ut
730 1750 803 1808 alius
823 1752 997 1825 gravitatem

124 1868 261 1927 sequens,
276 1852 465 1910 subtilitatem
485 1849 594 1924 fugiat:
615 1854 726 1918 eontra,
746 1849 819 1907 alius
838 1850 997 1908 acutiorem

123 1968 169 2020 se,
180 1967 266 2025 quam
279 1951 462 2017 ornatiorem,
473 1948 562 2005 velit:
577 1947 692 2006 etiamsi
705 1953 749 2005 est
762 1947 794 2005 in
807 1965 913 2022 genere
924 1950 995 2006 tole·

122 2049 220 2116 rabili,
236 2053 315 2106 certe
329 2066 389 2106 non
403 2052 448 2106 est
461 2047 493 2105 in
505 2046 623 2121 optimo.
637 2045 787 2121 siquidem,
805 2048 882 2122 quod
893 2063 994 2104 omnes

126 2147 232 2206 laudes
243 2147 340 2215 habet,
353 2147 439 2204 idest
452 2147 601 2221 optimum.

160 2246 247 2304 Haeo
256 2246 320 2306 dixi
329 2246 446 2304 brevius
455 2245 597 2322 equidem,
602 2263 687 2322 quam
698 2264 743 2305 res
751 2249 881 2322 petebat:
894 2247 946 2306 sed
956 2249 1025 2313 ad3

125 2344 169 2414 id,
182 2347 258 2420 quod
270 2346 391 2422 agimus,
409 2364 468 2404 non
479 2346 535 2404 tuit
547 2347 704 2406 dicendum
717 2348 853 2420 pluribus.
894 2349 994 2406 Unum

126 2443 209 2501 enim
230 2445 353 2501 sumsit
372 2461 473 2518 genus,
492 2444 523 2500 id
546 2447 631 2518 quale
657 2445 705 2511 sit,
729 2445 901 2517 quaerimus.
939 2446 994 2504 Est

124 2547 224 2600 autem
242 2543 310 2609 tale,
331 2543 415 2615 quale
429 2541 524 2598 tloruit
543 2540 687 2598 Athenis:
707 2557 815 2615 exque
829 2540 992 2599 Atticorum

125 2640 271 2697 oratorum
285 2639 347 2712 ipsa
366 2638 411 2696 vis
428 2638 528 2713 ignota
542 2643 595 2707 est,
610 2643 678 2696 nota
691 2638 791 2712 gloria.
831 2641 911 2696 Nam
922 2642 992 2698 alte·

124 2753 190 2796 rum
203 2736 287 2794 multi
310 2736 455 2805 videmnt,
474 2735 575 2794 vitiosi
595 2735 667 2794 nihil
688 2736 764 2809 apud
782 2753 847 2794 eos:
870 2739 991 2796 alterum

123 2835 222 2909 pauni,
244 2834 400 2892 laudabilia
418 2852 481 2892 esse
495 2837 594 2892 multa
634 2833 688 2892 Est
701 2833 781 2892 euim
801 2835 938 2892 vitiosum
959 2836 991 2894 in

122 2933 282 3002 sententia,
304 2933 420 3008 siquid
442 2933 602 3000 absurdum,
628 2936 678 2990 aut
701 2932 838 3000 alienum,
858 2937 908 2991 aut
931 2951 991 2992 non

123 3036 251 3100 acutum,
261 3038 311 3091 aut
323 3032 515 3092 subinsulsum
525 3035 585 3089 est:
606 3031 638 3088 in
648 3030 754 3099 verbis,
765 3031 790 3088 si
800 3031 990 3106 inquinatum,

124 3129 151 3187 si
164 3129 319 3204 abjectum,
332 3131 358 3188 si
371 3150 430 3189 non
442 3136 550 3205 aptum,
563 3130 709 3198 sidorum,
723 3129 748 3187 si
758 3132 844 3205 longe
857 3132 988 3205 petitum

16 3285 19 3294 ,
125 3227 212 3287 Haeo
230 3228 397 3287 vitavemnt
409 3230 468 3288 lere
481 3245 591 3298 omnes,
605 3228 654 3305 qui
667 3233 717 3286 aut
731 3229 827 3289 Attici
840 3248 990 3292 numeran-

131 3382 479 3494 &mmo
493 3383 740 3436 unsaramma.
767 3384 816 3434 ιιι.
828 3385 859 3433 v.
872 3386 908 3432 ss.
922 3383 991 3432 mu.

165 3579 236 3623 von.
256 3581 307 3646 ιιι.
450 3555 452 3560 ’
564 3567 601 3622 28
