2436 4192
261 333 324 398 200
615 324 770 381 'ousion

257 477 406 555 quaeritur
426 471 476 556 qui
496 478 549 551 sit;
569 477 664 536 omnis
685 483 747 535 est:
772 475 825 534 sed
848 475 922 536 alius
944 476 1007 536 alic
1032 477 1132 540 melior

258 583 346 655 atque
359 579 467 654 aptior:
489 579 515 636 si
528 579 627 647 locus3
647 575 778 634 inomni
796 579 879 650 parte
899 577 1077 636 verborum:
1097 577 1129 648 ai,

257 679 336 736 unde
346 682 423 736 ortus
435 677 489 748 sits
508 693 548 734 ex
563 674 675 734 aunum
688 677 854 747 voluptate:
873 672 900 731 si
913 678 1128 750 componendo

256 793 320 836 mm
337 776 425 847 ratio,
445 775 560 833 dicetur
572 774 633 832 alio
653 776 729 840 loco,
742 773 810 848 quia
829 772 958 847 pertinet
970 775 1010 832 ad
1031 794 1125 836 usum:

255 891 328 952 quae
340 891 406 948 pars
420 877 520 949 quarta
534 878 565 931 et
584 877 717 932 extrema
734 871 818 932 nobis
832 871 864 929 in
882 871 1047 933 dividendo
1060 874 1125 932 luit:

254 974 289 1042 si,
310 975 348 1032 ad
368 991 455 1051 qnam
476 991 538 1034 rem
558 972 744 1042 adhibeatur3
764 971 801 1028 ad
824 971 1072 1031 delectationem:
1092 973 1124 1043 si,

254 1073 388 1151 mando,
408 1091 540 1149 semper:
560 1072 595 1140 si,
609 1089 665 1146 quo
678 1073 759 1140 loco;
779 1069 810 1128 in
828 1072 891 1128 tota
903 1068 1123 1132 continuatione

253 1174 424 1232 verborum:
445 1172 481 1242 si,
501 1189 574 1249 quae
596 1189 642 1229 res
664 1169 772 1230 efficiat
789 1170 986 1241 voluptatem
1012 1171 1125 1240 eadem,

251 1286 325 1346 quae
340 1272 371 1330 iu
385 1272 526 1339 versibus,
540 1287 659 1346 quorum
673 1270 789 1328 modum
802 1271 885 1328 notat
897 1282 953 1335 ars,
966 1269 1020 1326 sed
1041 1285 1121 1330 aures

249 1367 330 1442 ipsae
345 1369 435 1426 tacito
448 1385 515 1428 eum
528 1385 614 1426 sensu
627 1367 692 1424 sine
705 1371 766 1424 arte
780 1365 930 1424 deliniunt.

197 1464 235 1524 61
290 1467 368 1523 Satis
389 1468 480 1524 multa
501 1466 538 1522 de
556 1471 674 1522 natura:
695 1464 822 1540 sequitur
844 1477 919 1532 usus,
938 1464 976 1522 de
998 1482 1056 1540 quo
1077 1471 1119 1526 est

249 1564 409 1625 accuratius
433 1563 647 1638 disputandum.
689 1565 726 1621 ln
746 1578 802 1638 quo
829 1561 992 1639 quaesitum
1013 1571 1069 1633 est,
1088 1565 1118 1624 in

247 1670 348 1724 totone
370 1663 494 1722 circuitu
514 1663 567 1721 illo
587 1661 736 1729 orationis,
755 1659 868 1736 ⁰⁸quem
890 1660 1001 1720 Graeci
1019 1661 1117 1733 mgnum

239 1769 301 1825 ‘nos
315 1771 375 1824 tum
389 1764 537 1832 ambitum,
550 1767 612 1821 tum
628 1762 790 1830 circuitum,
803 1766 865 1820 tum
883 1761 1115 1835 comprehensio·

246 1883 324 1932 nem,
357 1843 407 1921 aut
440 1862 700 1930 continuationem,
733 1865 784 1919 aut
816 1860 1115 1934 circumscriptionem

246 1963 387 2022 elicimus:
418 1978 457 2020 an
483 1959 514 2019 in
542 1959 694 2034 principiis
717 1961 819 2030 solum,
842 1976 882 2017 au
904 1957 937 2017 in
963 1958 1113 2027 extremis,
1205 2035 1206 2038 Ἴ

244 2079 284 2121 an
304 2062 335 2120 in
354 2065 474 2137 utraque
495 2062 577 2135 parte
597 2075 731 2120 numerus
754 2058 895 2118 tenendus
915 2055 974 2116 sit?
995 2058 1111 2127 deinde,

243 2177 329 2234 quum
343 2159 422 2216 aliud
437 2159 570 2216 videatur
582 2175 646 2216 esse
660 2175 803 2226 numerus,
817 2157 895 2216 aliud
908 2174 1110 2216 numerosum:
1204 2171 1205 2199 l

241 2255 310 2331 quid
336 2254 474 2312 intersit?
504 2261 565 2312 tum
592 2261 699 2326 autem,
726 2257 758 2315 in
785 2256 956 2314 omnibusne
982 2255 1109 2314 numeris
1203 2292 1204 2313 i

240 2352 398 2430 aequaliter
410 2350 431 2383 ⁸⁹
440 2351 595 2426 particulas
606 2353 711 2412 deceat
724 2354 863 2424 incidere,
874 2372 911 2414 an
925 2355 1022 2413 lacere
1037 2356 1108 2413 alias

239 2454 397 2520 breviores,
425 2449 496 2509 alias
524 2450 685 2528 longiores:
716 2453 802 2530 idque
827 2454 951 2531 quando,
974 2459 1025 2513 aut
1047 2471 1106 2522 cur,

239 2551 396 2629 quibusque
415 2549 561 2624 partibus:
582 2550 759 2624 pluribusne,
775 2567 814 2610 an
834 2551 970 2627 singulis:
991 2551 1107 2627 impari·
1200 2623 1201 2628 γ

238 2652 300 2718 bus,
314 2667 351 2706 an
372 2648 557 2723 aequalibus:
579 2653 610 2706 et
633 2650 750 2726 quando
773 2654 824 2707 aut
843 2650 917 2719 istis,
930 2655 982 2708 aul
995 2650 1055 2708 illis
1068 2648 1106 2708 sit
1200 2629 1201 2656 ¹

235 2747 391 2808 utendum:
412 2764 540 2822 quaeque
562 2749 638 2806 inter
651 2765 682 2804 se
704 2747 852 2820 aptissime
870 2750 1060 2816 collocentur,
1073 2752 1104 2806 et

236 2842 400 2924 quomodo?
419 2861 458 2904 an
472 2845 591 2904 omnino
604 2848 684 2904 nulla
703 2846 786 2904 sitin
805 2832 843 2905 eo
861 2866 969 2924 genere
982 2848 1102 2906 distinc-

234 2947 295 3004 tio:
316 2947 446 3021 quodque
466 2944 504 3000 ad
524 2959 585 3002 rem
606 2944 732 3002 maxime
754 2943 888 3019 pertinet,
909 2964 965 3024 qua
986 2947 1099 3006 ratione

233 3059 385 3100 numerosa
404 3043 456 3100 fret
474 3039 586 3100 oratio?
606 3042 821 3117 Explicandum
842 3045 932 3103 etiam
952 3050 1007 3116 est,
1023 3046 1098 3105 unde

232 3138 346 3196 ortasii
360 3139 451 3196 torma
472 3139 639 3197 verborum:
660 3141 880 3218 dicendumque,
900 3150 1024 3220 quantos
1046 3144 1099 3204 cir·

231 3233 325 3294 cuitus
338 3234 434 3293 iacere
448 3235 567 3293 deceat:
587 3238 680 3312 deque
698 3257 796 3300 eorum
809 3241 968 3316 particulis,
982 3249 1015 3300 et
1028 3249 1097 3304 tam·

229 3394 412 3507 &mittio
428 3389 534 3458 ateleto]
566 3397 610 3446 Ed.
623 3399 681 3450 Ven.
692 3404 891 3467 additappellcat5
905 3409 965 3469 quod
974 3407 1050 3454 neseio
1059 3421 1096 3454 eru

258 3537 280 3570 ⁸⁹
298 3533 420 3605 ναήίψὶᾱξ
481 3533 588 3607 iudane]
613 3537 628 3585 ἰ.
644 3542 743 3592 membra
756 3543 849 3608 periodi.
881 3544 918 3596 sie
933 3549 959 3594 et
973 3559 1042 3594 mos:
1069 3546 1097 3594 u

227 3594 651 3656 mammemquepencdorum.
700 3645 707 3658 .
