2460 4184
238 291 280 352 θῇ
588 274 722 334 ΒῙωἿἪΙ.

183 436 227 492 lu
278 433 376 505 Atque
389 429 477 490 eliam
492 432 566 506 apud
580 430 674 488 socios
687 435 719 486 et
731 427 991 488 Latinos-oratores
1009 423 1104 488 habili

236 534 304 586 suut
316 531 353 602 Q.
364 530 481 588 Vettius
492 530 657 595 Vettianus,
671 547 687 584 e
701 527 915 601 Marsisquem
925 528 988 600 ipse
998 545 1104 600 cogno·

236 628 278 696 ui,
293 630 416 700 prudens
427 626 481 690 vir,
495 627 564 684 etin
578 627 704 684 dicendo
717 626 830 684 brevis:
846 627 882 698 Q.
894 631 924 682 et
939 627 978 684 Ι).
991 625 1105 682 Valerii
1213 635 1214 638 ’

235 726 351 792 Sorani,
366 725 467 792 vicini,
480 730 510 782 et
524 723 679 794 familiares
698 725 765 792 mei,
785 742 844 781 uon
858 729 917 780 tam
932 723 961 780 iu
976 724 1104 782 dicendo

235 822 428 889 admirabiles,
442 839 527 896 quam
537 823 617 880 docti
629 829 660 880 ct
674 823 793 880 Graecis
815 823 917 882 litteris
931 827 961 878 et
970 820 1103 880 Latinisz

237 920 274 977 U.
289 921 464 978 Rusticellus
485 921 687 988 Bononiensis,
701 921 725 978 is
740 921 853 995 quidem
873 925 904 976 et
917 919 1104 988 exercitatus,

236 1023 267 1074 et
280 1024 382 1078 natura
394 1014 540 1076 volubilis.
582 1019 718 1076 Omnium
738 1023 834 1074 autem
854 1016 1105 1091 eloquentissimus

237 1121 321 1174 extra
330 1118 407 1175 hauc
417 1118 516 1174 urbem
526 1117 565 1174 Τ.
578 1116 716 1178 Betucius
725 1117 829 1172 Barrus
841 1117 1015 1181 Asculauus,
1023 1116 1107 1190 cujus

236 1219 304 1270 sunt
317 1215 427 1288 aliquot
438 1216 581 1272 orationes
593 1215 696 1272 Asculi
709 1214 835 1272 habitae.
849 1214 899 1272 illa
911 1215 1023 1274 Romae
1036 1231 1104 1272 con·

234 1317 281 1367 ¹lra
293 1311 482 1384 caepionem,
501 1313 605 1370 nobilis
625 1331 704 1380 saue,
723 1311 795 1370 ”cui
808 1314 931 1372 orationi
945 1313 1104 1386 Caepionis

238 1426 287 1464 cre
301 1409 447 1481 respondit
458 1411 576 1480 Aelius3
590 1411 639 1484 qui
649 1410 825 1484 scriptitavit
834 1411 979 1468 orationes
990 1413 1104 1480 multas,

235 1511 334 1562 orator
345 1507 408 1579 ipse
421 1526 565 1583 nunquam
584 1508 647 1565 luit.
690 1510 776 1582 Apud
790 1509 913 1581 majores
933 1513 1031 1566 eutem
1041 1527 1104 1566 uos·

217 1667 220 1672 ¹
238 1609 296 1660 tros
307 1604 395 1662 video
403 1605 620 1665 disertissimum
627 1605 757 1664 habitum
765 1625 803 1664 ex
814 1606 901 1664 Latio
911 1608 946 1664 L.
956 1606 1104 1679 Papirium

239 1703 453 1774 Fregellanum,
468 1705 518 1761 Ti.
541 1704 678 1772 Gracchi,
706 1705 740 1762 P.
762 1705 797 1776 F,
824 1706 884 1762 lere
906 1709 1018 1762 aetate:
1043 1705 1105 1778 ejus

238 1799 327 1857 etiam
341 1801 435 1858 oratic
448 1807 493 1860 est
506 1821 558 1875 pro
573 1803 762 1876 Fregellanis,
782 1802 961 1878 celumisque
980 1803 1104 1872 Latinis,

232 1898 338 1955 *habita
350 1899 381 1955 in
394 1904 504 1956 senatu.
543 1886 626 1958 'Tum
641 1901 755 1967 Brutus,
764 1900 845 1978 ,Quid
856 1905 886 1957 tu
896 1900 991 1973 igitur,
1002 1899 1105 1975 inquil,

237 1997 339 2054 tribuis
353 1997 416 2055 istis
437 1998 566 2057 extemis
586 1997 670 2072 quasi
687 1995 873 2070 oratoribusl,
894 1998 972 2070 Quid
991 2016 1105 2071 censes,

238 2094 364 2168 iuquam,
378 2097 436 2152 nisi
454 2097 532 2152 idem
534 2097 628 2169 ‚quod
648 2096 772 2163 urbanis,
785 2100 898 2168 praeter
916 2113 1014 2164 uuum,
1028 2098 1104 2170 quod

237 2209 297 2248 non
308 2197 353 2247 est
360 2209 458 2248 eorum
466 2193 628 2249 urbanitate
638 2194 761 2268 quadam
769 2209 850 2266 quasi
840 2194 984 2252 colorata
992 2191 1105 2252 oratio?

234 2288 278 2346 Et
292 2287 406 2355 Brutus,
421 2287 480 2359 Qui
493 2293 546 2357 est,
559 2288 661 2364 lnquit,
675 2289 731 2348 iste
745 2292 863 2350 tandem
873 2275 1043 2350 urbinilalis
1056 2309 1103 2350 cu·

234 2383 301 2443 lor?
316 2385 456 2454 Nescio,
448 2404 572 2461 mquam.
593 2391 705 2446 tautum
717 2405 782 2450 esse
798 2391 940 2464 quendam
953 2390 1025 2448 scic.
1067 2392 1103 2448 ld

237 2487 278 2550 tu,
292 2484 390 2551 Bmte,
398 2484 461 2557 jam
471 2484 628 2560 intelliges,
641 2503 708 2542 cum
721 2486 751 2544 in
767 2487 895 2544 Galliam
906 2487 1034 2546 veneris.
1056 2505 1102 2546 au-

237 2580 300 2638 dies
313 2586 345 2638 lu
357 2583 472 2656 quidem
483 2583 570 2640 etiam
582 2585 818 2659 verbaquaedam
829 2603 888 2643 non
899 2585 966 2644 trita
977 2587 1101 2646 Romae:

237 2681 289 2736 sed
302 2680 375 2736 haec
389 2680 500 2748 mutari,
513 2681 681 2757 dediscique
695 2689 831 2755 possunt:
852 2683 923 2742 illud
936 2689 981 2742 est
1000 2688 1102 2759 mqjus,

236 2781 312 2854 quod
325 2780 357 2837 iu
370 2779 490 2838 vocibus
510 2785 669 2839 nostrorum
688 2787 830 2840 oratorum
849 2781 955 2842 recinit
966 2783 1103 2856 quiddam
1175 2784 1176 2793 ’
1215 2847 1216 2868 ¹

236 2883 267 2934 et
280 2883 395 2936 resonat
414 2878 557 2936 urbanius.
578 2897 634 2936 nec
654 2881 710 2937 hoa
729 2879 761 2938 iu
774 2880 932 2937 oratoribus
951 2883 1039 2942 modo
1053 2899 1101 2955 ap·
1215 2879 1216 2940 ζ

236 2982 326 3047 peret,
340 2979 391 3033 sed
404 2977 494 3035 etiem
506 2975 537 3032 in
551 2976 664 3034 ceteris.
704 2977 769 3050 Ego
782 2977 905 3034 memini
916 2979 956 3034 Τ.
972 2979 1101 3037 Tincam

236 3070 449 3139 Placentinum,
463 3072 610 3129 hominem
637 3073 853 3143 facetissimum,
880 3093 947 3132 cum
967 3077 1102 3136 familiari

236 3169 385 3242 uostroQ.
401 3170 667 3243 Graniqrraeccne
681 3167 837 3232 dicacitate
857 3179 977 3232 certare.
1018 3175 1101 3244 Eon',

265 3321 278 3352 ²
287 3334 325 3366 cat
333 3335 351 3366 0
362 3321 476 3378 emme
484 3336 521 3367 erc
530 3335 585 3378 resp.
576 3324 788 3440 Aeliisfflm
694 3339 722 3370 se
733 3325 841 3394 cretione,
852 3341 918 3396 qnam
927 3323 1031 3372 recitavit
1045 3327 1102 3373 Cae·

236 3378 661 3506 ludllffltttn'dlutim
669 3384 760 3489 tlt
754 3385 1102 3511 tiltu'rllfflltltlt

232 3495 301 3554 recht.
333 3497 377 3546 aed
387 3496 409 3546 iu
419 3511 484 3546 nemo
493 3497 614 3550 mutaverit
622 3511 703 3554 esrom
