2444 4192
245 369 309 428 250
545 357 593 410 tili
607 341 809 410 ’ΜΒΔΤΙὈΜ
903 364 906 372 “

243 511 375 569 ruentes
388 505 527 577 olfecerit,
537 513 586 566 cut
596 509 717 568 omnino
728 525 790 567 non
803 523 869 566 esse
879 508 1121 588 isudslsile‚qnod

242 623 303 668 non
317 613 406 677 recte,
420 625 479 666 non
495 609 562 681 jure
580 609 689 668 netum
707 607 756 666 sit.
797 609 909 682 Quibus
922 609 1060 668 omnibus
1073 629 1120 687 ge·

240 708 359 768 neribus
374 723 441 765 usus
456 713 500 765 est
514 707 601 765 almis
615 708 799 782 impudenter
812 705 922 766 (laem
943 713 1050 766 contra
1065 711 1120 769 Ca·

241 813 340 868 ionem
355 821 459 866 meum.
502 808 562 865 Sed
576 823 650 882 quse
672 825 709 865 ex
730 813 806 866 statu
820 807 972 866 contentio
985 807 1118 867 efficium

240 925 305 967 carn
320 907 428 967 Graeci
444 921 562 976 empse
571 913 689 968 vocant.
705 907 883 982 mihiplecet
896 907 936 976 id,
949 905 1116 982 ”quonian

239 1007 355 1085 quidem
369 1009 405 1067 ad
416 1013 446 1067 te
460 1009 564 1077 scribo,
575 1025 632 1084 qua
644 1009 682 1066 de
696 1025 726 1064 re
741 1007 844 1082 egitur,
858 1005 969 1064 vocari.
1003 1007 1116 1080 Quibus

238 1111 336 1166 autem
349 1108 415 1177 hoc,
436 1125 493 1185 qua
505 1109 583 1166 dere
597 1107 700 1182 agitur,
711 1106 883 1173 continetur,
894 1121 948 1162 eac
963 1106 1116 1165 coutinen-

237 1205 279 1264 tia
300 1214 451 1277 vocentur,
474 1207 555 1284 quasi
588 1208 770 1265 firmamenta
795 1203 983 1273 detensionis,
1011 1206 1111 1282 quibos

139 1381 144 1392 .
234 1303 356 1362 sublatis
371 1307 502 1364 defensio
516 1307 596 1365 nulls
609 1307 657 1364 sit
700 1307 770 1373 Sed,
790 1303 927 1380 quoniam
945 1305 1014 1378 lege
1028 1303 1111 1362 timri-

225 1417 267 1478 Ιιιι
277 1399 308 1459 in
321 1407 528 1463 controversiis
542 1403 742 1480 disceptandis
756 1421 820 1462 esse
833 1403 907 1462 nihil
921 1406 1025 1474 debet,
1042 1407 1109 1463 dca-

232 1501 271 1560 da
284 1506 330 1559 est
342 1518 439 1576 opera,
453 1509 485 1562 ut
504 1507 599 1580 legem
620 1504 793 1580 adjutricem
806 1508 837 1561 et
850 1508 957 1562 testem
976 1504 1109 1562 adhibea-

231 1617 304 1661 mus.
345 1603 496 1678 loquere
510 1603 562 1661 elii
576 1604 659 1679 quasi
672 1608 764 1661 status
779 1603 923 1660 exsistunt
945 1602 1027 1672 novi,
1055 1603 1103 1678 qni

231 1701 415 1777 appellantur
429 1703 578 1778 legitimae
593 1700 831 1776 disceptationes.
874 1701 954 1759 Tum
968 1701 1047 1758 enlm
1060 1703 1108 1760 de·

230 1801 357 1859 tenditur
370 1818 430 1861 oon
443 1801 474 1859 id
488 1804 585 1876 legem
598 1801 707 1868 dicere,
731 1801 807 1876 quod
828 1799 1007 1859 adversarius
1022 1800 1107 1869 velit,

224 1901 282 1958 sed
295 1901 382 1960 aliud.
423 1899 459 1958 ld
472 1906 570 1958 autem
583 1899 738 1976 contingit,
762 1913 829 1957 cum
853 1899 994 1973 scripturn
1016 1898 1106 1957 ambi·

228 2017 316 2076 guum
329 2004 382 2068 est,
392 2003 424 2057 ut
437 1999 511 2057 duae
521 1999 687 2070 differentes
697 1999 861 2057 sententiae
871 1998 969 2072 accipi
982 1998 1102 2072 possint.

229 2097 310 2158 Tum
323 2099 476 2174 opponitur
493 2099 602 2173 scripto
622 2098 758 2156 voluntas
769 2097 925 2171 scriptoris,
938 2101 973 2155 ut
987 2113 1102 2173 quaera-
1202 2079 1203 2097 ¹

227 2204 281 2264 tur,
295 2200 423 2255 verbane
437 2201 511 2272 plus,
525 2203 574 2255 sut
587 2197 733 2256 sententie
747 2199 847 2256 valere
862 2197 990 2254 debeat·
1023 2195 1100 2254 'Pons

226 2295 285 2370 legi
298 2297 349 2352 lex
359 2297 504 2355 contraria
517 2297 640 2354 affertur.
681 2297 729 2353 ita
742 2301 809 2354 sunt
824 2296 879 2353 tria
895 2309 1016 2370 genera,
1029 2311 1099 2372 quse
1171 2341 1174 2348 .

221 2395 455 2455 controversiam
475 2395 507 2454 in
528 2393 609 2454 omni
622 2395 730 2468 scripto
742 2395 840 2458 iecere
860 2400 988 2468 possunt,
1013 2394 1100 2452 ambi·

224 2511 321 2572 guum,
331 2495 528 2570 discrepantia
541 2495 642 2570 scripti
651 2499 681 2552 et
689 2495 860 2563 voluntatis,
871 2493 1021 2568 etscripta
1033 2509 1098 2553 con·
1196 2519 1197 2528 ¹

224 2594 319 2651 traria
352 2575 429 2674 ¹lam
442 2595 498 2651 hoc
512 2595 696 2668 perspicuum
709 2599 762 2661 est,
787 2607 848 2650 non
862 2593 956 2667 magis
980 2593 1013 2664 in
1027 2591 1095 2667 legi·

223 2693 284 2759 bus,
293 2707 379 2766 quam
392 2689 423 2747 in
438 2693 629 2760 testamentis,
643 2693 674 2749 in
685 2691 930 2766 stipulationibus,
940 2691 1097 2767 inreiiquis

222 2792 316 2859 rebus,
330 2805 403 2865 quse
428 2789 597 2864 exscripto
620 2796 752 2865 aguntur,
776 2785 862 2864 posse
883 2791 1096 2850 controversias

222 2891 340 2950 easdem
364 2889 515 2947 exsistere.
558 2889 669 2948 Horum
694 2889 883 2948 tractationes
905 2887 967 2947 ⁰‘iu
981 2890 1049 2948 aliis
1062 2889 1094 2946 li·

220 2989 279 3047 bris
293 2987 488 3063 explicantur.
529 2989 596 3047 Nec
611 2991 704 3047 solum
717 2993 875 3064 perpetuae
888 2988 1031 3057 actiones,
1044 2989 1093 3046 sed

220 3087 310 3144 etiam
321 3093 417 3159 partes
431 3088 570 3147 orationis
585 3087 690 3146 iisdem
703 3087 776 3145 locis
790 3087 976 3161 adjuventur,
990 3087 1092 3162 purtim

219 3185 350 3258 propriis,
362 3186 466 3258 purtim
480 3187 681 3246 communibus
695 3207 702 3243 :
727 3192 760 3244 ut
773 3186 804 3245 in
817 3185 979 3261 principiis,
992 3187 1092 3262 quibus

178 3385 180 3392 ,
248 3335 269 3369 ⁸⁵
396 3339 1089 3446 psidoeucdtcscribogintstdlcwmmomeneidaboe

217 3395 288 3446 lonnu
298 3409 382 3452 epuns,
393 3412 412 3455 q.
425 3397 447 3443 d.
459 3412 479 3443 r.
490 3412 511 3444 a.
521 3411 543 3443 v.
555 3397 629 3444 Faber
654 3403 743 3448 emestr.
755 3401 773 3458 i,
786 3403 819 3448 il.

217 3535 224 3548 ⁶
247 3476 310 3548 rtis
320 3473 372 3546 ullis
380 3475 454 3536 libris]
472 3475 554 3547 intude
561 3477 702 3548 inventione.
734 3479 823 3550 Eodeni
887 3478 948 3550 ‘nent
964 3478 1005 3525 illa
1015 3477 1088 3584 mo

216 3537 320 3584 rotenus:
337 3533 583 3593 declamitanssic
632 3537 679 3593 las,
694 3542 738 3585 etc.
753 3539 792 3584 ubr
880 3538 1007 3586 rescidisse
1082 3555 1090 3581 .-

215 3596 313 3658 denique
323 3593 523 3655 mppcds'tcnturs'rr
531 3595 585 3644 eliis
603 3595 608 3606 '
639 3596 645 3608 '
655 3629 662 3656 ,
672 3596 912 3648 dissentiones.
