2460 4184
474 347 617 402 santus:
925 359 973 422 ,⁶3

108 497 199 574 lnquit
212 497 329 567 Brutus,
342 499 380 556 de
393 515 448 574 quo
468 501 558 558 multa
577 495 730 558 Lucilius?
751 499 812 558 lsto
823 499 899 574 ipso:
920 503 971 560 scd

110 597 234 656 Tincam
255 616 315 655 uon
330 597 422 658 minus
438 599 526 655 multa
540 597 660 656 ridicule
680 597 828 656 dicentem
849 599 972 656 Grauius

109 696 356 755 obruebatnescio
369 714 424 770 quo
432 713 532 770 sapore
544 699 718 758 vernaculo:
734 700 766 753 ut
780 715 836 769 ego
843 697 907 769 jam
916 714 975 754 non

109 792 201 861 mirer,
213 795 288 851 illud
309 795 513 868 Theophrasto
526 795 678 860 accidisse,
690 795 765 869 quod
779 795 895 861 dicitur,
908 812 975 852 cum

109 897 343 964 percunctaretur
356 911 392 949 eu
407 893 522 950 anicula
532 894 663 966 quadam,
676 894 774 966 quanti
785 893 893 968 aliquid
905 911 975 950 veu-

109 990 201 1060 deret3
222 996 253 1048 et
274 991 467 1064 respondisset
487 990 547 1057 illa,
566 995 652 1064 atque
672 990 838 1057 addidisset,
856 989 975 1066 Hospes,

109 1096 232 1164 conpote
244 1086 382 1148 minuis:
395 1087 493 1146 tulisse
508 1105 573 1145 eum
586 1090 717 1155 moleste,
731 1107 762 1144 se
777 1105 835 1144 non
849 1089 975 1161 effugere

109 1185 226 1259 hospitis
251 1186 394 1258 speciem,
404 1203 476 1244 cum
500 1191 625 1242 aetatem
638 1190 737 1259 ageret
754 1185 890 1252 Athenis,
903 1185 976 1258 opti·

108 1299 209 1364 pieque
233 1287 406 1358 loqueretur.
438 1281 450 1316 ³
462 1283 599 1351 Omnino,
613 1284 689 1340 sicut
700 1283 810 1357 opinor,
824 1284 855 1340 in
869 1283 975 1340 uostris

110 1382 277 1456 estquidam
285 1384 465 1449 urbanorum,
476 1381 551 1438 sicut
563 1381 625 1438 illic
638 1381 801 1439 Atticorum
814 1399 910 1438 sunus.
921 1381 974 1438 sed

109 1480 223 1536 domum
237 1481 396 1547 redeamus,
416 1480 447 1536 id
467 1485 519 1547 est,
533 1481 568 1536 ad
583 1485 693 1537 nostros
704 1484 888 1536 revertamur.

110 1616 113 1622 Δ
147 1578 271 1633 Duobus
285 1578 370 1651 igitur
383 1578 510 1645 summis,
529 1578 636 1636 Crasso
649 1583 680 1634 et
695 1577 835 1644 Antonio,
849 1579 884 1634 L.
905 1576 974 1634 Plri-
984 1602 1025 1662 47

109 1674 205 1746 lippus
233 1677 378 1749 proximus
405 1677 573 1743 accedebat,
597 1673 680 1730 *sed
705 1677 792 1748 longo
819 1675 975 1732 intervallo

110 1775 206 1830 tamen
233 1773 388 1846 proximus.
430 1775 531 1847 ltaque
551 1791 626 1840 eum,
650 1773 708 1854 etsi
722 1771 733 1804 ⁵
747 1790 833 1830 nemo
851 1773 975 1830 interce·

110 1869 204 1936 debat,
220 1871 272 1944 qui
290 1889 323 1926 se
342 1871 388 1927 illi
407 1871 569 1938 anteferret,
583 1888 676 1945 neque
690 1872 847 1928 secundum
867 1877 975 1938 tamen,

109 1984 203 2042 neque
218 1967 337 2023 tertium
356 1966 489 2022 dixerim.
530 1969 595 2022 Nec
609 1967 733 2024 enimin
752 1967 895 2040 quadrigis
910 1983 976 2023 eum

107 2065 271 2122 secuudum
292 2062 511 2128 numeraverim,
531 2067 580 2119 aut
599 2061 723 2128 tertium,
743 2062 793 2136 qui
812 2062 864 2119 vix
885 2083 902 2120 e
918 2081 978 2122 cur·

111 2162 226 2218 ceribus
248 2160 362 2227 exierit,
382 2177 449 2216 cum
468 2161 591 2232 palmum
604 2160 670 2232 jam
689 2159 795 2233 primus
814 2161 975 2234 acceperit:

112 2275 164 2316 nec
178 2260 210 2317 in
225 2257 394 2325 oratoribus,
407 2257 456 2331 qui
469 2263 579 2315 tantum
593 2257 701 2316 absita
717 2259 818 2332 primo,
832 2260 884 2318 vix
898 2260 975 2318 utin

113 2358 212 2414 eodem
225 2356 370 2414 curriculo
383 2373 446 2413 esse
462 2355 601 2414 videatur.
611 2358 668 2414 'sed
681 2361 778 2414 tamen
799 2364 879 2415 erant
894 2377 930 2416 ec
943 2359 974 2416 in

114 2453 257 2528 Philippo,
277 2471 359 2529 quae,
378 2454 427 2528 qui
447 2454 510 2512 sine
530 2455 744 2528 comparatione
762 2455 875 2512 illorum
895 2473 975 2529 spec·

114 2555 193 2620 taret,
203 2553 274 2610 satis
288 2565 393 2625 magna
403 2552 528 2608 diceret:
540 2569 651 2609 summa
661 2551 778 2648 libertas
792 2553 821 2609 in
836 2553 976 2622 oratione,

115 2652 217 2708 multae
231 2649 371 2708 leceline:
386 2648 455 2704 satis
467 2651 567 2705 creber
579 2649 611 2705 iu
625 2649 809 2721 reperiendis,
822 2652 930 2708 solutus
944 2651 976 2710 iu

116 2748 293 2820 explicandis
311 2743 480 2804 sententiis:
501 2750 563 2802 eret
582 2746 670 2802 etiam
683 2745 715 2802 in
736 2747 843 2818 primis,
862 2753 894 2805 ut
908 2753 976 2804 tem·

116 2844 225 2914 poribus
238 2841 440 2913 illis,‘(iraecis
451 2839 590 2898 doctrinis
600 2841 755 2910 institutus,
765 2842 797 2898 iu
811 2845 978 2902 altercando

143 2997 255 3044 8Οτιιηὺιο
262 2997 292 3043 sic
299 2999 336 3056 (ut
343 2996 429 3054 opinor)
438 3021 463 3030 --
472 2996 535 3051 nent,
546 2994 601 3054 etc]
613 2993 676 3040 Haec
685 2997 756 3040 sunte
766 2995 900 3043 correctione
907 2995 976 3056 Rivii,

117 3055 151 3114 qui
169 3057 224 3104 bene
240 3061 338 3102 veterem
355 3055 588 3102 lectionem'omm'um
598 3052 692 3099 mutavit
709 3055 731 3099 in
750 3053 904 3102 cuntramnus
922 3071 976 3103 vero

116 3114 353 3172 putrefactum).
370 3129 413 3160 rrou
430 3114 485 3158 bene
499 3117 563 3158 sonat
577 3112 615 3166 sic,
625 3115 651 3157 nl
660 3127 692 3168 cp.
708 3113 771 3159 sieut.
802 3113 900 3160 Restitui
919 3116 976 3164 sicut

117 3176 193 3233 uptam,
203 3178 284 3223 deinde
293 3177 349 3231 illic,
360 3175 375 3221 i.
387 3191 407 3221 e.
419 3175 521 3232 Athenis,
537 3173 595 3236 quod
607 3189 686 3234 respon
713 3179 765 3239 tun
774 3175 801 3223 in
810 3179 889 3224 aaran
903 3195 930 3227 ex
938 3183 972 3233 cd.

117 3235 169 3284 Veu.
181 3241 247 3286 Med.
259 3240 317 3286 Mas.
327 3239 403 3298 cuias.

143 3316 153 3346 ⁴
162 3319 197 3364 nd
204 3317 399 3375 longuinterunllc,
407 3320 478 3362 tumen
488 3314 682 3377 persuadetur
690 3329 737 3362 esse
745 3318 818 3364 alieno
828 3319 883 3365 loco.
904 3323 973 3372 scrib.

117 3372 304 3431 bruciatcruallo,
312 3375 350 3420 sed
355 3379 427 3419 musea
434 3376 556 3430 praeimus,
564 3379 603 3420 nut
612 3375 658 3420 sine
668 3376 713 3420 inte
740 3378 842 3423 unctione
851 3387 899 3438 post
908 3381 975 3427 inne

120 3434 186 3480 nullo:
196 3435 233 3480 sed
243 3436 307 3490 leriga
316 3433 433 3478 interuallo
443 3437 515 3478 tumen
523 3433 643 3489 prosimus.
654 3438 678 3479 et
687 3434 717 3480 sic
734 3437 776 3492 eci,
785 3451 813 3482 ne
822 3435 844 3482 in
855 3439 927 3484 verbis
935 3439 974 3484 sli-

116 3491 164 3548 qurl
173 3499 281 3539 mutarem
291 3491 338 3536 siue
348 3489 408 3536 libris
418 3492 474 3536 eitra
484 3493 641 3538 necessitatem.

120 3567 383 3670 er:tumnintercedebat]
393 3567 408 3614 i.
419 3567 503 3616 medius
511 3568 570 3616 iuter
579 3568 650 3629 ipsum
657 3575 681 3618 et
694 3571 797 3620 Crassum
812 3571 979 3631 Antoniumque·
