2460 4184
195 339 238 402 a}
581 340 716 392 sununs.
817 313 819 318 ’

195 481 326 540 Celeret
348 482 459 559 Nepos,
480 484 585 546 ”nihil
607 489 639 546 in
662 489 757 548 oensis
781 489 899 558 versati,
916 505 976 547 nee
1000 490 1068 550 sins

193 578 323 654 ingenio,
334 600 390 642 nee
404 585 525 653 indocti,
534 587 591 644 hoo
602 591 831 662 ernnspopulare
842 588 963 648 diesndi
972 605 1067 662 genus

194 681 331 740 asseonti
365 683 400 740 (l.
410 689 506 744 autem
517 686 658 743 Lentulus
667 686 866 754 Mareellinus,
874 701 1068 761 necunquam

194 775 358 848 indisertus,
372 785 402 838 et
415 780 446 838 in
460 785 612 841 consulatu
632 787 821 860 pereloquens
836 786 916 842 visus
936 789 990 850 est,
1004 801 1066 840 non

194 878 291 933 tardus
305 879 467 948 sententiis,
478 899 538 938 non
552 882 636 956 inops
649 883 756 951 verbis,
770 901 845 940 roos
858 899 975 950 canore,
989 883 1068 940 faee-

194 977 240 1030 tus
259 975 338 1032 satis.
380 977 416 1036 0.
432 978 595 1052 Memmius,
611 981 651 1044 L.
667 982 702 1039 F.
718 982 861 1054 perlectus
886 980 1000 1048 litteris,
1013 981 1067 1038 sed

196 1071 337 1144 Gmeois3
358 1075 522 1135 fastidiosus
536 1097 607 1138 sane
621 1080 807 1139 Latinumm:
828 1083 944 1153 argutos
957 1083 1065 1146 orator,

125 1253 128 1256 Δ
197 1171 351 1248 verbisque
361 1175 464 1243 duleis,
474 1178 526 1234 sed
535 1176 647 1252 fugiens
658 1196 717 1236 non
727 1179 813 1235 modo
822 1177 951 1245 dioeudi,
963 1193 1066 1236 verum

193 1267 285 1326 etiem
308 1273 457 1344 cogitandi
481 1275 618 1344 laborem,
643 1281 754 1334 tantum
781 1275 837 1334 sibi
861 1277 898 1332 de
926 1275 1067 1334 facultate

195 1365 331 1434 detraxit,
344 1375 484 1442 quantum
498 1372 645 1431 imminuit
658 1372 827 1430 industriae.

144 1462 181 1524 71
200 1517 204 1531 ,
239 1461 305 1520 Ηοο
322 1466 387 1524 loeo
396 1468 512 1538 Brutus,
523 1471 619 1542 Quam
630 1473 747 1539 vellem,
760 1471 862 1546 inquit,
872 1472 909 1528 de
920 1469 966 1530 his
977 1471 1068 1536 etiarn

194 1567 363 1636 oratoribus,
375 1567 425 1642 qni
436 1568 523 1625 hodie
537 1572 613 1636 sunt,
627 1568 683 1627 tibi
692 1569 791 1626 dicere
802 1571 923 1628 luberet.
936 1573 975 1638 et,
989 1569 1015 1625 si
1028 1570 1067 1627 de

195 1666 261 1726 aliis
271 1667 376 1736 minus,
388 1669 426 1725 de
439 1668 549 1726 duobus
563 1671 671 1735 tomen,
694 1685 764 1742 quos
785 1684 803 1723 a
827 1672 857 1724 te
880 1666 942 1726 seio
954 1667 1068 1725 laudari

193 1767 298 1834 solere,
312 1765 440 1825 (laesere
454 1769 484 1823 et
506 1766 661 1834 Marcello,
680 1767 809 1824 audirem
823 1755 882 1825 non
906 1765 1001 1824 minus
1025 1767 1068 1824 ln-

195 1867 307 1933 beuter,
316 1882 405 1941 qnam
414 1864 516 1922 audivi
527 1865 564 1922 de
577 1864 625 1933 iis,
637 1863 686 1938 qui
699 1864 824 1924 inenrnt.
863 1865 923 1922 Gur
937 1864 1069 1932 tandem,

196 1962 338 2041 loquamt
348 1981 385 2022 au
404 1967 569 2038 exspectas,
580 1963 647 2038 quid
661 1980 716 2037 ego
735 1963 867 2036 judioem
880 1963 917 2018 de
930 1961 1003 2029 istis,
1017 1961 1068 2036 qui

197 2064 252 2122 tibi
264 2069 332 2122 sunt
344 2080 436 2139 aeque
450 2063 561 2121 notius
575 2059 670 2120 milri?
685 2062 762 2120 Mihi
775 2062 949 2129 mehercule,
964 2060 1069 2135 inquit,

198 2161 357 2220 Mareellus
368 2163 495 2219 satis'est
505 2166 605 2231 notus3
631 2161 741 2218 Caesar
750 2165 846 2217 nutem
860 2177 969 2232 parum.
984 2159 1069 2218 illum

198 2259 276 2318 enim
291 2275 378 2329 saepe
392 2256 510 2314 audivi:
524 2257 584 2325 hio,
597 2273 665 2314 enm
678 2257 872 2332 egoJ'udioare
879 2258 944 2331 jem
956 2257 1068 2331 aliquid

196 2371 321 2430 possem,
337 2352 437 2413 obluit
477 2353 497 2386 ⁸¹
519 2353 596 2427 Quid
620 2354 707 2429 igitur
719 2357 756 2412 de
770 2356 823 2414 illo
842 2355 967 2430 judicas,
980 2373 1069 2430 quem

197 2471 285 2528 saepe
293 2451 399 2510 audisti
407 2450 430 2512 l*
445 2453 522 2523 Quid
535 2471 648 2520 censes,
659 2453 761 2528 inquit,
775 2453 832 2512 uisi
845 2453 885 2522 id,
898 2453 974 2528 quod
988 2453 1070 2512 habi·

198 2558 276 2612 turus
300 2570 331 2609 es
353 2551 479 2610 similem
502 2550 567 2610 tull
591 2553 657 2610 Nae
681 2570 746 2627 ego,
759 2552 887 2627 inquam,
900 2552 926 2611 si
949 2551 992 2609 itu
1011 2556 1069 2618 est,

198 2651 289 2710 velim
303 2651 358 2710 tibi
370 2667 436 2710 eum
450 2653 566 2724 plaeere
579 2669 664 2726 quam
685 2652 822 2712 maxime.
865 2651 958 2725 Atqui
976 2655 1007 2708 et
1024 2649 1069 2708 its

198 2755 252 2820 est,
262 2750 365 2826 iuquit,
379 2755 410 2808 et
420 2750 610 2808 vehementer
622 2753 734 2824 plaeet:
750 2767 806 2808 neo
815 2748 958 2806 verosine
967 2765 1069 2806 musa.

198 2851 266 2908 narn
275 2854 307 2910 et
313 2849 426 2917 didicit,
440 2854 479 2917 et,
493 2847 605 2906 omissis
614 2848 719 2906 ueteris
730 2847 841 2914 studiis,
850 2864 940 2904 unum
953 2847 983 2904 id
997 2847 1068 2922 egit,

199 2965 319 3022 seseque
332 2947 507 3023 quotidianis
527 2945 819 3005 commentationibus
833 2944 973 3002 acerrime
987 2963 1071 3006 exer·

197 3045 269 3100 ¹uuit.
310 3045 412 3118 ltaque
426 3049 456 3101 et
469 3044 552 3102 leolis
566 3044 655 3102 utitur
668 3043 764 3104 verbis
778 3046 809 3099 et
821 3042 1028 3118 frequentibus,
1037 3047 1068 3101 et

205 3195 208 3202 ⁴
228 3195 251 3226 ⁶⁰
265 3194 539 3264 adulamini-sau]
571 3195 650 3244 Rivius
659 3194 1071 3300 coujleeitsuueddiffijdqueprobauit

199 3253 986 3370 uultuluitiziisluitusstlutuululu
1002 3255 1073 3370 tlt

200 3375 286 3416 secutos
295 3381 350 3414 esse.
366 3369 425 3430 quod
433 3370 455 3415 in
470 3370 585 3418 tribunatu
594 3369 708 3432 usurpavit
721 3371 799 3432 Nepos
809 3371 838 3418 ad
846 3370 970 3419 vexandum
979 3371 1071 3418 Cioero-

199 3443 258 3475 uem.
272 3441 294 3472 v.
306 3427 379 3488 Epist.
390 3427 421 3473 ad
429 3427 482 3475 Div.
491 3429 522 3484 V,
532 3433 556 3477 2.

229 3507 250 3540 ⁶¹
256 3505 320 3559 Quid
328 3505 346 3552 i.
357 3505 384 3552 ds
392 3505 545 3566 s'ltoJ'odicnsl
568 3506 614 3553 ilie
622 3508 685 3555 deest
693 3509 791 3568 inquom.
818 3508 862 3558 sed
872 3508 991 3569 morsiam
1000 3507 1071 3557 talen

201 3565 274 3613 losum
282 3564 415 3623 notavimus,
425 3565 447 3612 iu
457 3578 501 3626 quo
511 3563 534 3611 id
545 3564 635 3612 uerbum
645 3566 748 3616 omissum
757 3571 799 3615 est.
