2436 4192
357 548 394 596 u.
419 549 526 598 auaui
552 519 722 598 creaaouu
747 551 749 560 ’

507 756 557 820 μ)

282 913 326 986 c.
353 911 787 1008 vesanarum,
825 927 827 933 ⁴

451 1119 623 1180 TOP10A.

419 1372 649 1428 menusanum.

96 1517 204 1565 Trebatii
221 1515 330 1562 voluntati
346 1514 495 1564 satisfacturus
513 1497 556 1564 boc
576 1519 638 1580 quasi
662 1517 815 1580 compendium
835 1519 970 1582 Topicourm

127 1595 320 1646 Aristoteleurum
335 1594 393 1642 seuit
424 1595 567 1644 Primulouus
583 1603 761 1658 argumentorum
777 1613 827 1646 urm
844 1599 972 1646 artificium-

127 1697 180 1730 rum
189 1688 238 1730 tum
247 1694 346 1743 eruptus
353 1681 453 1730 breviter
462 1686 584 1738 enumerat,
595 1682 672 1730 delinit
679 1683 782 1744 quodque
788 1697 856 1742 genus
865 1687 889 1727 et
898 1693 972 1728 erem·¹

124 1761 170 1824 plis
180 1762 277 1808 illustrat
286 1777 306 1808 c.
317 1765 339 1809 2.
350 1764 372 1808 3.
383 1764 404 1808 l.
416 1760 496 1806 deinde
505 1760 573 1808 lunius
582 1760 611 1806 de
626 1760 716 1819 siugulis
726 1760 814 1820 disserit
824 1777 842 1807 c.
853 1764 932 1809 5-20.
943 1775 970 1808 ac

128 1841 195 1888 addit
201 1841 291 1887 taudem
298 1842 327 1888 de
333 1841 426 1887 diversis
434 1839 587 1901 quaestionum
595 1853 754 1902 causarumque
764 1839 887 1909 generibus,
894 1837 972 1900 quibua

127 1921 186 1967 alios
195 1920 257 1967 locos
266 1919 315 1966 aliia
324 1918 422 1980 aptiores
431 1931 479 1964 esse
488 1907 597 1964 ostcudit'
693 1929 703 1971 ,ι

99 2143 265 2218 Mirones
285 2173 338 2216 nos
358 2173 404 2213 res
425 2156 551 2214 scribere
573 2156 727 2230 ingressos,
741 2157 776 2216 Ο.
792 2156 925 2225 Trebati,
943 2161 999 2237 etl

98 2263 134 2322 iis
149 2260 242 2328 libris,
254 2277 333 2338 quos.
345 2259 430 2318 brevi
453 2264 582 2334 tempore
600 2261 672 2320 satis
691 2263 797 2320 multos
819 2259 971 2329 edidimus,

96 2360 254 2436 digniores,
268 2377 284 2416 e
298 2375 383 2417 eursu
397 2359 459 2432 ipso
472 2361 628 2420 revocavit
642 2363 777 2419 voluutas
793 2365 850 2418 tua.
894 2359 971 2418 Cum

99 2459 180 2518 euim
201 2473 316 2530 mecum
334 2457 368 2514 iu
387 2457 558 2518 Tusculano
580 2477 668 2527 esses,
688 2465 720 2516 et
738 2459 770 2514 in
793 2458 972 2515 bibliotheca

98 2556 257 2632 separatim
281 2559 399 2628 uterque
412 2560 542 2612 nostrum
555 2557 593 2612 ad
605 2573 690 2613 suum
708 2554 835 2616 studium
848 2555 973 2621 libellos,

66 2639 69 2644 ¹
98 2673 171 2731 quos
185 2654 287 2719 vellet,
301 2653 462 2719 evolveret,
476 2652 608 2710 incidisti
625 2653 658 2711 in
673 2653 841 2712 Aristotelis
856 2652 973 2726 Topica

98 2753 252 2830 quaedam,
271 2753 426 2824 quaesunt
445 2749 553 2806 abillo
572 2751 701 2823 pluribus
720 2751 801 2809 libris
815 2751 971 2824 explicata.

101 2853 169 2925 Qua
190 2847 382 2922 inscriptione
410 2852 581 2915 commotus,
605 2848 744 2906 contiuuo
766 2867 784 2906 a
807 2865 854 2906 me
874 2863 974 2904 eorum

99 2951 237 3007 librorum
251 2947 428 3006 senteutiam
449 2945 603 3021 requisisti.
645 2948 741 3018 Quam
761 2946 816 3004 tibi
837 2963 904 3004 cum
923 2963 973 3004 ex·

100 3048 269 3122 posuissem,
280 3045 465 3119 disciplinam
476 3044 718 3103 inveniendorum
732 3051 972 3120 argumentorum,

101 3151 132 3204 ut
145 3145 209 3203 siue
223 3147 283 3202 ullo
296 3163 401 3212 errore,
420 3143 557 3202 ¹rad-eum
578 3144 731 3216 rationem,
744 3144 794 3202 via
807 3146 972 3218 pervenire-

102 3261 164 3301 mus
177 3247 215 3301 ab
230 3243 391 3302 Aristotele
402 3243 533 3312 iuuenta,
544 3243 625 3302 libris
636 3243 695 3300 illis
709 3243 869 3302 contineri:
891 3264 972 3304 vere-

103 3344 197 3402 cunde
210 3347 241 3399 tu
255 3341 381 3416 quidem,
394 3345 426 3397 ut
445 3342 554 3410 omnia,
567 3343 619 3400 sed
639 3347 737 3402 tamen
759 3348 791 3401 ut
811 3343 899 3403 facilc
912 3362 972 3404 uer·

133 3496 143 3527 ¹
159 3496 190 3541 ud
199 3509 247 3540 eum
259 3494 376 3550 rut'mon,
386 3493 424 3540 uio
439 3495 472 3554 pn]
503 3495 624 3544 Lambinus
633 3497 723 3557 corrigit
737 3498 823 3545 ratium
832 3503 852 3544 ct
866 3499 911 3550 uic,
926 3494 972 3541 siue

104 3555 242 3599 aeuoesitate.
261 3553 370 3600 rationem
385 3553 488 3613 appellat
505 3568 562 3612 mm,
579 3569 646 3616 quara
660 3561 713 3602 aute
727 3557 815 3603 dixerat
833 3553 973 3613 disciplinam

106 3610 289 3660 inveniendorum
298 3617 458 3671 argumentoru
487 3646 493 3658 .
