2460 4184
229 341 269 400 3³
594 332 730 382 BRUTUS.

228 481 322 540 tenuit
345 483 441 540 locum
466 485 525 539 tam
546 480 604 548 din,
628 498 713 556 quam
734 473 811 540 'terre
833 481 926 555 potuit
950 483 1094 542 laborem:

228 585 340 654 postea,
353 585 490 655 quantum
503 580 630 638 detraxit
650 597 688 638 ex
702 580 807 647 studio,
821 584 934 638 tantum
948 582 1046 639 amisit
1059 597 1098 640 ex

228 680 329 754 gloria.
378 680 411 736 P.
436 679 578 738 Muraena
599 678 738 736 mediocri
765 679 894 753 iugenio,
918 681 969 736 sed
991 695 1098 756 magno

227 778 325 836 studio
338 795 430 834 rerum
450 782 593 846 veterum,
607 777 768 834 litterarum
787 783 818 834 et
837 779 979 836 studiosus
994 785 1026 837 el
1040 797 1098 836 non

228 876 386 954 imperitus,
401 879 509 933 multae
523 875 682 935 industriae
696 881 726 934 et
737 876 835 950 magni
846 877 951 934 laboris
961 876 1026 934 luit.
1063 877 1098 935 G.

229 974 406 1035 Censorinus
421 975 550 1033 Graecis·
560 975 661 1033 litteris
674 975 744 1032 salis
755 975 865 1043 doctus,
876 977 951 1052 quod
962 989 1099 1050 proposu-

229 1063 300 1141 erat,
322 1074 474 1147 explicans
496 1075 643 1148 expedite,
657 1093 717 1133 non
740 1075 912 1132 invenustus
934 1079 1024 1142 actor,
1046 1075 1099 1131 sed

230 1172 317 1241 iners,
331 1177 362 1230 et
374 1172 510 1232 inimicus
524 1173 585 1230 lori.
627 1175 663 1231 L.
679 1171 786 1231 'l'u'rius
800 1190 890 1247 parvo
903 1173 1033 1246 ingenio,
1047 1173 1100 1229 aed

200 1277 202 1281 ’
230 1275 320 1332 mullo
341 1275 448 1340 labore,
472 1273 691 1346 quoquomodo
715 1277 835 1346 poterat,
858 1288 945 1346 saepe
969 1273 1098 1329 dicebat.

230 1370 332 1443 ltaque
346 1370 376 1427 ei
389 1387 499 1442 paucae
515 1371 663 1428 centuriae
684 1373 721 1428 ad
735 1372 916 1428 consulatum
936 1371 1099 1428 defuerunt.

231 1468 266 1526 G.
282 1467 385 1526 Macer
398 1467 568 1526 auctoritate
587 1487 707 1541 semperx
721 1470 809 1544 eguit,
823 1471 873 1527 sed
894 1469 948 1526 suit
961 1477 1100 1543 patronus

230 1569 435 1641 propemodum
446 1567 693 1640 diligentissimus.
736 1569 830 1642 Hujus
841 1569 866 1626 ei
877 1569 948 1636 vite,
959 1569 983 1626 si
995 1587 1100 1640 mores,

230 1665 258 1722 si
284 1668 379 1724 vultus
402 1665 527 1740 denique
557 1665 647 1724 ⁵²non
675 1683 791 1724 omnem
815 1669 1102 1729 commendationem

230 1763 342 1840 ingenii
363 1759 526 1832 evertisset,
541 1765 632 1838 majus
654 1784 761 1824 nomen
783 1766 814 1824 in
837 1768 963 1841 patronis
985 1768 1100 1827 suisset.

230 1881 290 1924 uon
316 1869 378 1923 erat
405 1865 563 1932 abundans,
586 1881 645 1922 nou
672 1865 757 1938 inops
784 1872 899 1924 tamen:
928 1883 988 1924 non
1011 1869 1101 1926 valde

231 1963 337 2032 nitens,
352 1980 410 2020 non
425 1965 511 2036 plane
525 1963 639 2021 horrida
658 1963 767 2024 oratio:
789 1982 858 2033 vox,
874 1971 981 2040 gestus,
995 1971 1025 2023 et
1039 1985 1102 2025 om·

230 2062 276 2120 nis
292 2063 370 2120 actio
389 2063 452 2120 sine
473 2066 587 2136 lepore:
608 2068 638 2121 at
657 2062 688 2120 in
709 2063 904 2133 inveniendis,
922 2083 1103 2140 componen-

230 2160 330 2232 disque
351 2163 436 2216 rebus
460 2161 533 2216 mira
556 2163 717 2219 accuratio:
739 2156 772 2220 ut
795 2181 853 2220 non
874 2165 962 2222 lacile
981 2167 1014 2223 in
1038 2171 1101 2228 ullo

228 2255 443 2328 diligentiorem
464 2257 658 2332 majoremque
677 2263 875 2334 cognoverim,
896 2266 947 2321 sed
970 2283 1046 2337 eam,
1065 2274 1102 2326 nt

229 2351 315 2410 cilius
326 2353 538 2423 veteratoriam,
546 2373 631 2430 qnam
642 2360 794 2416 oratoriam
805 2361 925 2420 diceres.
968 2363 1027 2424 Hic
1042 2369 1102 2427 etsi

230 2449 319 2508 etiam
331 2451 364 2508 in
377 2452 502 2525 publicis
515 2455 609 2512 causis
624 2457 803 2529 probabatur,
819 2465 914 2520 tamen
928 2463 960 2521 in
974 2465 1099 2538 privatis

177 2533 217 2589 33
229 2549 414 2638 illustriorem
427 2551 578 2610 obtinebat
598 2556 703 2612 locum.
726 2596 728 2599 ψ
745 2558 780 2614 O.
796 2560 902 2617 deinde
919 2563 997 2632 Piso,
1011 2571 1100 2623 slata·

229 2647 297 2714 rins,
311 2654 341 2706 et
365 2646 386 2680 ⁵³
396 2651 541 2708 sermonis
550 2655 653 2725 plenus
666 2658 769 2723 orator,
785 2657 904 2717 minime
917 2661 967 2719 ille
982 2665 1100 2738 quidem

228 2748 326 2805 lardus
340 2747 371 2805 in
391 2749 596 2824 excogitando,
612 2759 811 2813 verumtamen
833 2761 924 2828 vultu,
938 2765 968 2820 et
983 2765 1100 2824 simula·

227 2845 319 2916 tione,
346 2847 436 2906 multo
462 2849 551 2907 etiam
579 2853 697 2920 acutior,
725 2873 810 2928 quam
837 2865 907 2928 erat,
935 2861 1098 2922 videbatur.

230 2945 309 3028 ¹Nam
322 2948 383 3020 ejus
398 2950 549 3033 aequalem
563 2948 615 3006 M’.
632 2952 830 3024 Glabrionem,
845 2959 919 3018 bene
934 2959 1100 3024 institutum

229 3087 231 3091 ⁸
259 3103 282 3135 ⁵²
296 3118 364 3174 noas
378 3129 388 3138 ·
403 3107 540 3169 evertisset}
560 3109 595 3157 Sic
611 3112 704 3160 fidenter
713 3116 798 3162 correxi
815 3118 928 3176 vulgatum
946 3129 1064 3172 samael:
1079 3129 1101 3174 aa·

229 3175 275 3208 aron
285 3167 392 3209 cumcurl
406 3191 416 3198 -
429 3189 438 3199 -
453 3167 529 3223 majus
543 3183 622 3216 omnen
629 3173 722 3227 sciram
739 3189 790 3220 nam
800 3176 831 3222 sie
849 3178 947 3226 latinitas
957 3185 1064 3243 postulat,
1075 3191 1101 3232 et

229 3217 260 3270 sic
274 3233 360 3279 semper
370 3222 457 3269 Cicero.

229 3303 238 3311 -
252 3303 263 3312 -
274 3291 354 3334 ponar
363 3280 462 3327 &duret

260 3355 282 3388 ⁵³
297 3358 496 3428 submersisplenuc
504 3363 548 3430 om]
563 3364 740 3434 'Curuaermona's
751 3373 847 3428 plenus?
860 3375 903 3422 hoe
912 3377 1002 3470 quidem
1012 3379 1103 3430 videtur

229 3417 919 3537 trttssbltblttblllbbllltublddlltlffl·
939 3439 1034 3508 (ΨΜ
1064 3455 1103 3487 ⁸¹¹⁹

231 3538 276 3580 tur.
312 3533 446 3580 Ceterumsi
461 3533 573 3596 intelligas
586 3539 667 3588 leuiter
681 3548 705 3588 et
720 3545 767 3592 aine
783 3499 1112 3611 motummlfflgi'sqdiffirveirtige

244 3593 385 3654 disputantis,
394 3606 459 3656 qnam
467 3597 552 3656 agentis
563 3599 631 3646 ruodo
639 3600 755 3662 dicentem,
765 3607 817 3654 ferri
825 3609 915 3658 ridetur
923 3627 994 3674 posse.

490 3225 528 3272 Sic
537 3241 588 3273 mox
603 3243 622 3273 c.
634 3233 670 3276 68.
681 3236 737 3279 extr.
748 3234 892 3284 &cuderet
901 3239 932 3284 aa
940 3239 1039 3300 honoro,
1054 3245 1102 3292 aiu*
