2444 4192
335 329 527 382 osauoltruu
542 329 763 384 reuululoltus.
919 341 984 400 203

110 473 301 558 quaestionis.
343 475 424 536 Nam
436 467 481 536 cst
500 477 522 510 ¹⁹
533 479 565 537 in
584 479 741 554 proposito
752 479 827 547 linis,
846 480 938 538 ides:
952 482 1004 542 in.

109 590 203 632 causa
216 580 247 632 et
257 572 336 644 tides,
351 581 381 634 et
394 581 496 635 molus.
539 579 635 651 Quare
649 579 762 636 cuneda
773 595 860 636 cauas
875 578 985 646 dixero,

109 669 131 704 ¹⁹
145 672 179 730 in
189 689 246 747 qua
254 661 298 730 est
308 674 492 747 propositum,
503 677 540 733 dc
548 682 668 751 utroque
678 671 790 734 dixere.
812 676 846 733 0.
863 676 899 732 Ρ.
910 675 1003 747 Qud:

109 771 203 828 babes
224 771 313 844 igilur
325 772 362 828 de
383 789 470 831 causa
484 771 603 832 diceret
624 775 661 832 c.
676 775 709 832 P.
732 773 907 832 Auditorum
923 789 988 830 eam

109 885 219 943 genera
240 869 392 946 distingui.
433 872 463 928 N
465 887 512 930 arn
532 876 584 930 aut
603 875 779 930 auscultator
796 871 818 904 ²⁰
831 878 876 930 est
902 873 1004 930 modo.

109 967 161 1042 qui
181 967 271 1036 audit,
295 973 346 1026 aut
365 969 552 1044 disceptator,
573 971 605 1026 id
624 975 679 1040 cst,
698 972 741 1028 rai
768 970 988 1045 sententiaeque

113 1067 292 1125 moderator:
306 1068 357 1134 ita,
370 1074 402 1126 ut
415 1075 466 1126 aut
483 1070 654 1137 delectetur,
673 1073 722 1127 sut
742 1073 850 1126 statuat
869 1069 1002 1143 alipio:

111 1163 223 1222 Statuit
236 1170 334 1223 autem
347 1170 398 1224 aut
410 1168 448 1224 de
463 1157 634 1240 praeteritis,
649 1175 681 1224 ut
696 1168 799 1240 judex,
813 1171 863 1224 aut
885 1169 922 1224 de
947 1167 1001 1224 lun

111 1262 193 1330 turis,
207 1267 239 1320 ut
252 1268 379 1322 senatus.
423 1264 474 1322 Sic
488 1265 544 1322 tria
557 1270 624 1323 sunt
636 1283 752 1340 genere,
769 1265 885 1338 judicii,
898 1263 988 1322 delib-

112 1360 262 1429 erationis,
290 1362 512 1420 exornationis:
544 1381 629 1438 quae,
656 1364 723 1440 quia
749 1364 781 1441 in
808 1363 987 1422 laudationes

114 1459 247 1517 maxime
269 1461 422 1529 confertur,
458 1460 631 1536 ²¹proprium
663 1464 750 1520 hebet
780 1463 844 1537 jam
879 1480 918 1520 ex
951 1478 989 1518 co

114 1573 236 1614 nomen.
292 1558 326 1615 O.
359 1560 395 1616 F.
426 1561 505 1633 Quas
540 1579 586 1618 res
613 1561 670 1618 sibi
697 1565 837 1634 proponet
870 1560 902 1618 in
925 1559 1021 1620 istus

110 1654 206 1712 tribus
218 1656 370 1729 generibus
384 1657 496 1717 orator?
518 1659 553 1716 G.
575 1661 610 1714 Ρ.
626 1658 868 1715 Delectationem
894 1656 926 1712 in
940 1674 991 1714 ex·

115 1753 286 1812 amatione:
308 1743 338 1812 in
357 1755 480 1829 judicio,
493 1762 543 1814 aut
556 1756 720 1824 saevitiam,
734 1761 783 1813 aut
805 1756 992 1813 clementiam

110 1851 223 1925 judicis
237 1872 244 1909 :
264 1851 286 1884 ²²
296 1853 328 1912 in
341 1855 476 1914 suasione
487 1858 593 1922 autem,
606 1859 656 1910 aut
664 1871 755 1928 spem,
765 1859 815 1911 aut
828 1853 992 1911 reformida·

114 1937 226 2008 tionem
240 1951 442 2008 deliberantis.
484 1951 519 2009 G.
542 1953 578 2008 F.
594 1953 654 2009 Gur
675 1952 763 2025 igitur
786 1952 910 2025 exponis
934 1952 992 2012 hoo

116 2050 186 2105 loco
199 2066 306 2122 genere
319 2047 602 2108 controversiarum?
623 2050 658 2108 Ο.
674 2051 707 2108 Ρ.
723 2050 767 2108 Ut
779 2050 921 2108 rationem
933 2051 992 2106 col·

114 2147 236 2204 loc‘andi
262 2148 299 2206 ad
323 2148 411 2206 linem
438 2148 578 2222 cujusque
606 2149 834 2207 accommodem.
890 2149 925 2207 O.
954 2149 990 2208 Ρ.

117 2246 254 2318 Quonam
268 2249 386 2306 tandem
401 2246 513 2307 modo?
533 2249 568 2308 0.
584 2247 617 2307 P.
645 2250 729 2322 Quis,
751 2250 854 2325 quibus
873 2249 905 2306 in
929 2267 990 2307 ora·

118 2343 247 2401 tionibus
261 2347 419 2404 delectatio
433 2348 498 2406 linis
513 2353 566 2418 est,
581 2348 655 2406 varii
677 2354 744 2406 suut
766 2349 882 2407 ordines
903 2349 992 2406 collo·

118 2443 218 2500 candi.
259 2444 337 2500 Nam
364 2450 413 2501 aut
440 2450 600 2518 temporum
628 2452 779 2504 servantur
803 2447 916 2518 gradus,
942 2449 993 2501 aut
1017 2449 1019 2454 ’

115 2556 257 2616 generum
274 2541 510 2599 distributiones:
532 2548 581 2599 aut
603 2560 622 2598 a
643 2541 804 2599 minoribus
828 2543 866 2598 ad
884 2541 994 2614 majora

117 2619 333 2705 adscendimus,
348 2643 398 2695 aut
424 2637 610 2712 amajoribus
624 2640 662 2696 ad
683 2639 795 2697 minora
817 2638 992 2698 delabimur:

149 2795 171 2829 ιο
184 2795 302 2868 sumn.
312 2794 336 2852 s.
346 2767 382 2854 sn
415 2793 458 2841 su.
468 2792 725 2840 undamentum
738 2791 956 2850 suppleamus
965 2793 990 2850 s.

147 2873 171 2907 ¹⁶
182 2874 263 2933 inqua
274 2872 460 2934 arpensem]
492 2871 543 2918 Hoc
554 2871 651 2940 spurium
661 2874 721 2932 puto.
747 2869 990 2940 Nemincausaainea·

114 2945 143 2978 ‘se
151 2931 291 3000 propositum¹
298 2935 323 2977 ut
331 2934 429 2992 partem,
442 2927 572 2990 esuperiorr
588 2933 658 2998 putet,
669 2943 709 2975 nec
719 2929 755 2998 bic
771 2928 824 2998 sddr
840 2927 950 3013 debebat:
960 2933 992 2999 ‚et

115 3005 166 3094 ff
176 2995 210 3038 est
219 2991 550 3096 pepugrgremgssoggccgffium,
561 2987 639 3050 qulbus
648 2990 786 3049 propootum
795 2989 870 3046 mest,
882 2991 916 3034 est
931 3001 992 3035 earm

152 3127 176 3160 Ν
190 3131 221 3174 ast
228 3127 308 3188 amca]
339 3127 405 3174 Modo
414 3127 478 3174 abest
488 3125 536 3174 Ms.
548 3125 577 3174 V.
589 3125 654 3183 bene,
662 3128 689 3172 ut
698 3124 784 3186 opinor.

152 3205 175 3238 ²¹
186 3205 305 3262 prmum
313 3205 428 3264 heddium
440 3222 467 3253 en
476 3221 499 3253 ec
513 3205 600 3266 mmm]
617 3219 696 3282 nanrpe
705 3203 825 3250 utdicatut·
841 3203 997 3284 exufflasset,

124 3270 733 3392 billulffiildebettilbtl
738 3269 905 3376 'i'ffli‘'
913 3285 994 3330 ’Μ’

155 3409 180 3442 ²²
193 3410 219 3456 to
229 3409 330 3456 manure
342 3413 424 3464 amour,
435 3407 492 3467 aa]
524 3410 605 3455 Aeson
613 3407 671 3453 bene
682 3406 746 3453 abest
763 3405 810 3454 Me.
828 3408 858 3454 V.
868 3409 928 3456 idem
944 3417 997 3452 mox

127 3469 306 3530 wmmdsmpro
323 3466 485 3516 common:
517 3466 619 3514 llemed
630 3465 689 3513 Vsu.
703 3465 895 3524 sunrideticuau.
960 3509 962 3512 .
