2444 4192
236 381 298 438 250
458 372 649 422 aaaroman
664 371 887 422 ranrrrroans.

235 535 290 595 ego
306 526 336 579 te
350 519 520 581 meminisse
534 519 704 596 intelligam,
717 537 791 597 quae
805 517 963 594 accepisti:
978 523 1010 576 et
1022 519 1055 576 tu
1067 536 1107 576 or·

234 621 303 678 diue
330 619 439 689 audies,
457 617 554 696 ³quae
574 617 711 694 requires.
733 621 768 678 0.
791 619 827 678 Ρ.
849 621 927 691 Quot
949 616 982 676 in
1010 623 1105 694 partes

235 719 431 778 distribuenda
458 722 503 776 eat
528 716 624 779 omnis
644 715 777 776 doctr-ina
796 711 936 776 dicendi?
957 717 993 776 C.
1009 716 1043 775 Ρ.
1066 717 1102 774 ln

234 823 301 876 tres.
322 817 357 876 o.
373 817 408 875 Ρ.
424 817 507 876 Cedo
519 833 588 892 quas
600 811 612 875 l
626 815 661 876 C.
677 815 711 874 P.
734 815 862 874 Primum
874 815 907 873 in
925 813 1020 890 ipsam
1040 813 1101 873 vim

234 916 362 986 oratoris,
376 915 482 975 deinde
495 914 527 974 in
541 915 710 984 orationem,
723 920 784 973 tum
791 912 823 972 in
837 912 1046 990 quaestionem.
1068 913 1102 972 (t.

235 1017 271 1073 Ρ.
287 1015 321 1073 ln
337 1029 393 1090 quo
401 1019 446 1072 est
453 1014 517 1088 ipsa
529 1012 576 1072 vis
587 1009 600 1072 l
613 1013 648 1072 o.
658 1013 692 1072 P.
705 1013 740 1071 ln
753 1013 846 1082 rebus,
855 1018 885 1072 et
894 1011 1001 1070 verbis.
1043 1011 1103 1070 Sed

235 1120 266 1172 et
279 1132 334 1183 res,
350 1118 380 1172 et
394 1115 492 1182 verba,
501 1111 681 1171 invenienda
692 1116 766 1181 eunt,
775 1116 805 1170 et
815 1113 996 1170 collocanda.
1039 1110 1104 1169 Pro·

235 1213 297 1287 prie
311 1217 410 1271 autem
424 1211 455 1270 in
469 1213 552 1270 rebus
565 1209 710 1279 invenire,
724 1210 755 1268 in
770 1208 865 1268 uerbis
879 1207 976 1285 eloqui
990 1207 1100 1268 dieitur.

234 1311 387 1370 Collocare
400 1315 507 1378 autem,
521 1310 577 1369 etsi
590 1313 635 1367 est
648 1326 810 1377 commune,
823 1313 921 1368 tamen
934 1309 972 1366 ad
991 1305 1102 1366 iuveni-

235 1409 340 1465 endum
361 1409 489 1466 retertur.
542 1409 622 1476 Vox,
643 1412 746 1476 motus,
766 1409 873 1477 vultus,
900 1411 988 1484 atque
1014 1405 1104 1465 omnis

235 1506 321 1575 aetio,
332 1506 485 1580 eloquendi
496 1523 593 1564 eomes
606 1510 659 1574 est,
678 1503 689 1536 ⁴
703 1520 856 1582 eammque
869 1523 964 1564 rerum
977 1505 1104 1564 omniurn

236 1609 332 1662 eustos
346 1611 389 1662 est
401 1604 549 1662 memoria.
570 1605 605 1662 C.
622 1605 657 1662 Ρ.
674 1602 773 1676 Quid?
792 1603 930 1662 orationis
949 1611 1019 1680 quot
1039 1608 1105 1663 sunt

237 1701 355 1779 partes?
376 1705 411 1763 C.
433 1705 466 1762 Ρ.
489 1706 627 1777 Quatuor.
649 1719 748 1761 earum
761 1703 836 1760 duae
851 1705 951 1760 vatent
970 1702 1030 1760 ⁵ad
1044 1721 1106 1760 rem

237 1804 408 1871 docendam,
436 1803 561 1861 narratio
588 1807 618 1860 et
638 1801 825 1884 confirmatio.
847 1803 884 1860 ad
911 1801 1102 1874 impellendos

238 1903 350 1962 animos
363 1903 446 1971 duae,
465 1901 640 1976 principium
659 1904 690 1958 et
708 1899 859 1973 peroratio.
893 1901 927 1959 C.
949 1901 985 1958 Ρ.
1006 1897 1106 1972 Quid?
1204 1931 1205 1934 ¹

240 2001 381 2073 Quaestio
389 2018 528 2076 quasnam
537 1995 743 2073 hahetparteal
753 1998 787 2058 C.
798 1999 831 2056 P.
844 1997 1108 2073 lnfinitam‚⁶quam

239 2101 485 2158 consultationem
504 2101 637 2173 appello:
658 2103 687 2156 et
707 2097 867 2166 definitam,
886 2114 973 2172 quam
993 2115 1107 2155 oausam

107 2271 108 2274 Ἴ
207 2196 367 2254 2ηοωίηο.
389 2199 424 2255 O.
437 2199 473 2254 Ρ.
490 2197 633 2269 Quoniam
647 2196 733 2270 igitur
746 2195 879 2253 invenire
898 2193 1047 2270 'primum
1066 2199 1107 2252 est

238 2291 368 2359 oratoris,
381 2293 448 2366 quid
468 2291 612 2368 quaeret?
633 2295 669 2352 0.
691 2294 725 2352 P.
748 2295 792 2352 Ut
812 2294 955 2362 inveniat,
977 2295 1109 2370 quemad·

238 2390 355 2447 modum
374 2390 461 2448 fidem
480 2388 569 2447 laoiat
588 2390 640 2460 eis,
660 2392 762 2466 quibus
782 2396 862 2450 volet
875 2395 1058 2467 persuadere,
1077 2398 1106 2452 et

240 2490 478 2563 quemadmodum
499 2493 606 2546 motum
631 2507 729 2547 eorum
757 2491 861 2548 animis
880 2491 990 2548 afferat.
1013 2493 1049 2550 C.
1071 2493 1104 2548 Ρ.
1202 2497 1203 2510 ’

241 2588 351 2662 Quibus
363 2590 445 2647 rebus
459 2589 530 2646 fides
540 2586 594 2646 fit?
616 2589 651 2646 C.
663 2589 696 2646 Ρ.
713 2589 909 2663 Argumentis,
917 2607 992 2664 quae
1001 2590 1106 2648 ducun-

241 2692 286 2744 tur
299 2707 336 2744 ex
352 2688 433 2756 loeis,
447 2688 536 2745 autin
550 2707 581 2744 re
595 2688 658 2762 ipsa
670 2687 774 2755 insitis,
788 2693 837 2744 aut
851 2688 994 2746 assumtis.
1017 2690 1054 2747 Ο.
1069 2689 1103 2747 Ρ.

243 2788 322 2858 Quos
342 2804 430 2844 vonas
445 2783 544 2844 locos?
566 2787 600 2844 C.
616 2787 650 2843 P.
665 2787 733 2854 Eos,
753 2785 900 2860 inquibus
917 2789 1010 2844 latent
1029 2805 1106 2861 argu·

241 2892 348 2946 menta.
390 2886 425 2944 C.
441 2885 477 2942 Ρ.
493 2884 571 2958 Quid
591 2891 635 2942 est
655 2881 875 2958 argumentum?
897 2885 932 2942 C.
948 2885 982 2941 P.
1006 2886 1108 2942 Proba·
1200 2961 1201 2964 Ἴ

272 3061 283 3128 ²}
297 3060 478 3164 quoqrepaiaa'sq
505 3060 553 3107 Ms.
564 3060 593 3106 E.
603 3061 638 3106 ed.
650 3058 822 3128 Ven3raqru'r‘as,
833 3057 897 3104 bue.
912 3059 1015 3116 uaceputs'
1029 3085 1039 3094 ·
1053 3086 1063 3094 -
1077 3075 1109 3108 n-

242 3131 322 3174 quam,
333 3119 374 3163 ertu
385 3133 464 3179 respon
479 3124 524 3166 ent.
556 3119 724 3180 ltaquerenepr.
1199 3137 1200 3160 p

271 3193 571 3257 *earumquererumetel
603 3197 650 3242 Ms.
662 3196 691 3241 V.
717 3196 1107 3244 stmmmraaausitmnana.
1199 3175 1200 3210 ³

242 3249 341 3296 Verbum
352 3259 382 3297 est
391 3254 467 3300 malim
477 3255 553 3300 deleri.
570 3269 648 3300 reram
657 3251 721 3299 abest
730 3256 767 3301 ed:
782 3256 843 3302 lunt.
855 3255 921 3301 male.
1002 3261 1006 3268 '
1070 3258 1073 3266 “

269 3329 281 3362 ⁵
294 3328 377 3374 adrem
387 3329 523 3392 docendum]
551 3332 599 3377 Μι.
610 3331 638 3377 Ε.
649 3330 773 3390 diamasa,
783 3334 851 3406 male,
859 3332 969 3394 frequenti
978 3334 1110 3387 confusione,

269 3408 281 3440 ⁶
295 3421 359 3468 quom
370 3408 656 3470 cumulationemappemq
688 3410 736 3456 Ms.
748 3412 776 3458 E.
789 3412 962 3466 materiam,
980 3426 1026 3460 nou
1040 3412 1108 3460 bene:

241 3483 292 3576 ἴς.
301 3470 374 3574 :aqqt
388 3479 470 3512 casuro.
502 3467 565 3513 Alias
580 3466 660 3514 Cicero
675 3473 741 3516 vocat
753 3471 893 3528 proposituras,
909 3485 931 3516 r.
950 3484 1003 3517 mox
1018 3487 1039 3518 c.
1056 3476 1077 3518 3.
1088 3477 1110 3518 et

271 3606 388 3655 'tauma
396 3603 496 3664 primum
505 3609 541 3652 ast.
584 3605 631 3653 Ma.
645 3607 672 3654 u.
684 3607 719 3653 ed.
731 3607 793 3654 Junt.
805 3607 864 3654 Ver.
881 3607 988 3664 primum
1004 3612 1035 3654 eat
1044 3612 1108 3656 or&

240 3664 539 3725 ris‚1nelius.lltrnost.
576 3666 927 3729 .naima'aeorum‚melius,quam
937 3665 1107 3714 mmmmm.
1197 3689 1198 3693 ¹
