2444 4194
476 367 618 418 essuos.
923 365 984 434 139

112 510 271 571 Grsecism
283 515 381 573 dictus
396 521 480 574 esset
522 515 613 573 Dicat
631 513 721 590 igitur
740 511 830 572 attice
843 513 984 572 veniatis·

112 611 200 670 simus
214 613 267 671 ille
281 614 413 689 scriptor,
427 631 462 673 ac
482 615 679 690 politissimus,
694 611 810 688 Lysias.
830 610 894 686 quis
906 611 986 672 enim

111 708 140 768 id
154 712 245 785 possit
259 711 390 788 negare?
409 716 478 772 dum
486 707 691 788 intelligamus,
703 713 760 770 hoc
773 729 839 770 esse
852 709 986 769 Atticum

113 809 144 868 iu
158 811 260 885 Lysis,
284 831 346 870 non
366 815 442 888 quod
466 814 563 872 mauis
586 813 633 881 sit,
652 817 738 888 atque
760 811 919 876 inornatus,
936 807 986 866 sed
1021 791 1034 804 ⁸

112 909 186 984 quod
197 911 274 970 nihil
286 913 394 970 hebeat
404 913 533 971 insolens
544 917 594 969 aut
604 911 744 986 ineptum.
784 911 895 969 Oroete
907 924 987 973 vero,

113 1013 144 1066 et
162 1011 304 1084 graviter,
318 1015 350 1068 et
368 1011 488 1086 copiose
510 1011 620 1080 dicere,
633 1015 683 1069 sut
698 1009 863 1068 Atticorum
876 1007 924 1075 sit,
937 1010 988 1062 aut

113 1124 151 1165 ne
165 1109 204 1166 sit
219 1109 398 1178 Aeschines,
412 1128 489 1168 neve
507 1111 723 1168 Demosthenes
739 1107 866 1167 Atticus.
907 1105 988 1162 Ecce

115 1212 211 1266 sutem
221 1209 315 1284 aliqui
328 1207 388 1266 ¹³se
401 1208 607 1283 Thucydidios
617 1225 681 1265 esse
693 1207 869 1282 profitentur,
880 1219 988 1262 novum

116 1311 262 1384 quoddam
276 1309 474 1382 imperitorum
487 1315 518 1366 et
531 1309 692 1368 inauditum
706 1326 805 1383 genus.
847 1307 875 1363 N
878 1321 926 1363 am
939 1303 988 1378 qui

115 1407 240 1480 Lysiam
264 1414 429 1483 sequuntur,
451 1407 630 1466 causidicum
651 1409 794 1484 quendam
816 1408 986 1480 sequuntur:

112 1521 177 1562 non
190 1505 277 1563 illum
290 1507 407 1581 quidem
424 1509 560 1582 amplum,
574 1512 659 1582 atque
677 1507 832 1580 grandem3
851 1503 987 1561 sublilem

112 1607 144 1660 et
158 1605 328 1676 elegantem
344 1613 448 1673 tamen,
462 1605 553 1680 etqui
567 1607 599 1663 in
613 1606 774 1663 forensibus
787 1603 883 1662 causis
898 1601 988 1676 possit

114 1704 269 1776 praeclare
290 1702 458 1761 consistere.
501 1705 695 1776 Thucydides
716 1710 815 1761 autem
834 1719 880 1759 res
892 1705 988 1775 gestas

114 1805 144 1858 et
158 1803 239 1857 hella
262 1807 367 1870 aurat,
389 1802 559 1876 etproelia,
580 1802 809 1876 gravitonum,
832 1805 861 1858 et
883 1801 987 1873 probe:

111 1900 165 1956 sed
180 1899 258 1956 nihil
269 1901 308 1956 ah
321 1916 359 1956 eo
372 1899 519 1957 hanslerri
532 1900 627 1972 potest
643 1901 680 1958 ad
694 1900 840 1958 lonensem
852 1915 944 1964 mum,
958 1901 989 1954 et

114 1997 277 2072 publicum.
319 1997 405 2068 ipsae
427 1997 497 2053 illae
510 1997 669 2055 aomionea
690 1998 733 2056 its
756 2000 861 2060 multos
882 1996 991 2054 hahent

113 2097 258 2152 obscuras
278 2091 449 2169 abditasque
467 2095 639 2164 sententies,
653 2095 706 2154 vix
725 2102 758 2154 ut
777 2095 991 2170 intelligantur:

115 2195 194 2269 qarod
206 2192 295 2250 estin
306 2191 437 2252 oratione
447 2191 532 2252 civili
543 2194 648 2253 vitium
659 2197 708 2253 vel
719 2195 887 2254 maximum,
908 2195 992 2268 Quae

119 2297 163 2349 est
175 2297 277 2350 autem
290 2292 323 2350 irs
337 2291 500 2351 hominihus
515 2298 597 2352 unte
609 2295 792 2369 perversitas,
807 2299 847 2364 ut,
860 2294 990 2354 inventis

119 2389 258 2464 lmgihne
288 2391 396 2466 glande
418 2390 599 2452 vescamur?
632 2395 683 2452 An
709 2394 807 2452 vietus
834 2393 991 2461 hominum

124 2487 350 2548 Atheniensium
380 2490 525 2550 beneflcio
558 2492 657 2550 excoli
684 2492 789 2566 potuit,
814 2491 907 2549 orstio
933 2508 992 2548 non

123 2585 240 2660 potuit?
261 2589 334 2661 Quia
356 2605 441 2662 porro
459 2606 596 2665 umquem
618 2589 797 2648 Graecorum
817 2590 993 2647 rhetoruma

124 2683 304 2762 Thucydide
331 2685 513 2761 ¹”quithatsm
539 2684 643 2744 duxit?
672 2689 716 2746 At
737 2689 869 2747 laudatus
890 2693 936 2745 est
956 2689 994 2746 ah

122 2786 266 2843 omnibus.
286 2784 394 2842 lsteor:
414 2786 468 2842 sed
480 2784 995 2860 itmntremmespliootorpmdens,

123 2897 253 2949 severus,
274 2881 390 2956 grevis3
411 2899 471 2939 non
489 2887 522 2938 ul
541 2882 572 2938 in
587 2881 709 2954 judiciis
732 2887 862 2939 versaret
884 2897 995 2951 causas,

123 2981 172 3036 sod
185 2980 266 3037 utin
289 2979 416 3037 historiis
441 2981 519 3036 bella
541 2983 678 3036 narraret.
720 2979 822 3054 ltaque
840 2995 995 3054 numquam

125 3083 167 3134 est
179 3083 348 3136 numeratus
367 3083 472 3136 orstor.
511 3073 611 3134 ”Nec
632 3093 712 3148 vero,
725 3077 752 3138 si
772 3077 922 3138 historiam
934 3097 995 3142 non

157 3231 177 3263 ¹⁸
193 3247 216 3278 se
226 3229 379 3290 thucydide
395 3246 437 3279 cars
450 3231 521 3337 proli}
560 3231 616 3281 Esse
630 3231 748 3282 delendum
762 3231 857 3284 videm.
878 3248 921 3284 uec
935 3236 995 3286 unia

128 3289 184 3338 solet
195 3289 219 3336 in
228 3291 272 3336 hae
280 3291 352 3336 lorms
361 3289 466 3350 loquendi
476 3289 505 3336 ad

153 3367 173 3400 ¹⁹
186 3369 310 3428 pddqaunn
317 3367 402 3428 amu]
434 3368 485 3414 llos
492 3383 538 3416 ,oon
547 3370 576 3417 de
585 3369 699 3418 molestiis
707 3374 731 3418 et
739 3371 812 3420 verbis
826 3371 917 3432 singulis
926 3371 994 3420 intel·

128 3423 439 3496 ligidehetpusemulteah
456 3441 590 3476 eommsere
604 3429 995 3490 memonasterium

128 3497 184 3544 quse
193 3499 284 3547 propna
293 3489 344 3532 suat
353 3489 454 3532 oratoru.

156 3563 634 3628 ”Nasaw--nrnendurmurerp
667 3561 998 3623 lmmoexstaretetidipse

127 3619 797 3686 numeoetmdnciaemquottutamspstntmeaa
827 3619 998 3684 &omitto
