<?xml version="1.0" encoding="UTF-8"?>
<!DOCTYPE html PUBLIC "-//W3C//DTD XHTML 1.0 Transitional//EN"
    "http://www.w3.org/TR/xhtml1/DTD/xhtml1-transitional.dtd">
<html xmlns="http://www.w3.org/1999/xhtml" xml:lang="en" lang="en">
 <head>
  <title>
</title>
<meta http-equiv="Content-Type" content="text/html;charset=utf-8" />
  <meta name='ocr-system' content='tesseract 3.04.00' />
  <meta name='ocr-capabilities' content='ocr_page ocr_carea ocr_par ocr_line ocrx_word'/>
</head>
<body>
  <div class='ocr_page' id='page_1' title='image "./mtvlliiciceroni09cicegoog/mtvlliiciceroni09cicegoog_0236.png"; bbox 0 0 2436 4192; ppageno 0'>
   <div class='ocr_carea' id='block_1_1' title="bbox 496 296 1077 404">
    <p class='ocr_par' dir='ltr' id='par_1_1' title="bbox 496 296 1077 404">
     <span class='ocr_line' id='line_1_1' title="bbox 496 296 1077 404; baseline -0.002 -14"><span class='ocrx_word' id='word_1_1' title='bbox 496 337 620 390; x_wconf 71' lang='lat' dir='ltr'>roaros„</span> <span class='ocrx_word' id='word_1_2' title='bbox 925 345 987 404; x_wconf 76' lang='lat'>225</span> <span class='ocrx_word' id='word_1_3' title='bbox 1072 296 1077 302; x_wconf 36' lang='lat'>¹</span> 
     </span>
    </p>
   </div>
   <div class='ocr_carea' id='block_1_2' title="bbox 105 483 1011 3412">
    <p class='ocr_par' dir='ltr' id='par_1_2' title="bbox 109 483 986 1448">
     <span class='ocr_line' id='line_1_2' title="bbox 114 483 986 559; baseline 0.002 -15"><span class='ocrx_word' id='word_1_4' title='bbox 114 483 177 546; x_wconf 88' lang='lat' dir='ltr'>lica</span> <span class='ocrx_word' id='word_1_5' title='bbox 189 503 247 546; x_wconf 83' lang='lat' dir='ltr'>nee</span> <span class='ocrx_word' id='word_1_6' title='bbox 260 488 351 548; x_wconf 85' lang='lat' dir='ltr'>amici</span> <span class='ocrx_word' id='word_1_7' title='bbox 364 493 519 559; x_wconf 71' lang='lat' dir='ltr'>clessam,</span> <span class='ocrx_word' id='word_1_8' title='bbox 537 506 594 546; x_wconf 88' lang='lat' dir='ltr'>nec</span> <span class='ocrx_word' id='word_1_9' title='bbox 608 488 730 548; x_wconf 84' lang='lat' dir='ltr'>honeste</span> <span class='ocrx_word' id='word_1_10' title='bbox 744 485 820 544; x_wconf 82' lang='lat' dir='ltr'>inter</span> <span class='ocrx_word' id='word_1_11' title='bbox 832 501 911 544; x_wconf 85' lang='lat' dir='ltr'>arma</span> <span class='ocrx_word' id='word_1_12' title='bbox 923 504 986 546; x_wconf 71' lang='lat' dir='ltr'>ver</span> 
     </span>
     <span class='ocr_line' id='line_1_3' title="bbox 112 579 986 663; baseline 0.001 -21"><span class='ocrx_word' id='word_1_13' title='bbox 112 585 172 642; x_wconf 78' lang='lat' dir='ltr'>sari</span> <span class='ocrx_word' id='word_1_14' title='bbox 186 603 312 660; x_wconf 84' lang='lat' dir='ltr'>possem,</span> <span class='ocrx_word' id='word_1_15' title='bbox 327 605 366 646; x_wconf 89' lang='lat' dir='ltr'>ne</span> <span class='ocrx_word' id='word_1_16' title='bbox 378 588 404 646; x_wconf 80' lang='lat' dir='ltr'>si</span> <span class='ocrx_word' id='word_1_17' title='bbox 415 591 477 646; x_wconf 87' lang='lat' dir='ltr'>tuto</span> <span class='ocrx_word' id='word_1_18' title='bbox 487 588 518 645; x_wconf 92' lang='lat' dir='ltr'>id</span> <span class='ocrx_word' id='word_1_19' title='bbox 527 587 644 663; x_wconf 88' lang='lat' dir='ltr'>quidem</span> <span class='ocrx_word' id='word_1_20' title='bbox 653 585 726 644; x_wconf 88' lang='lat' dir='ltr'>mihi</span> <span class='ocrx_word' id='word_1_21' title='bbox 735 585 854 642; x_wconf 84' lang='lat' dir='ltr'>liceret:</span> <span class='ocrx_word' id='word_1_22' title='bbox 872 579 906 641; x_wconf 88' lang='lat' dir='ltr'>ut</span> <span class='ocrx_word' id='word_1_23' title='bbox 916 587 986 643; x_wconf 85' lang='lat' dir='ltr'>veni</span> 
     </span>
     <span class='ocr_line' id='line_1_4' title="bbox 109 665 985 762; baseline -0.001 -21"><span class='ocrx_word' id='word_1_24' title='bbox 109 681 241 754; x_wconf 80' lang='lat' dir='ltr'>Veliam,</span> <span class='ocrx_word' id='word_1_25' title='bbox 262 691 368 762; x_wconf 80' lang='lat' dir='ltr'>tueque</span> <span class='ocrx_word' id='word_1_26' title='bbox 391 689 422 744; x_wconf 87' lang='lat' dir='ltr'>et</span> <span class='ocrx_word' id='word_1_27' title='bbox 444 691 506 744; x_wconf 83' lang='lat' dir='ltr'>tuos</span> <span class='ocrx_word' id='word_1_28' title='bbox 525 685 597 753; x_wconf 84' lang='lat' dir='ltr'>vidi,</span> <span class='ocrx_word' id='word_1_29' title='bbox 619 683 783 744; x_wconf 86' lang='lat' dir='ltr'>admonitus</span> <span class='ocrx_word' id='word_1_30' title='bbox 808 682 892 757; x_wconf 87' lang='lat' dir='ltr'>hujus</span> <span class='ocrx_word' id='word_1_31' title='bbox 911 665 985 740; x_wconf 70' lang='lat' dir='ltr'>aeris</span> 
     </span>
     <span class='ocr_line' id='line_1_5' title="bbox 113 781 983 866; baseline -0.003 -26"><span class='ocrx_word' id='word_1_32' title='bbox 113 781 214 866; x_wconf 69' lang='lat' dir='ltr'>ap’eni,</span> <span class='ocrx_word' id='word_1_33' title='bbox 224 785 306 842; x_wconf 89' lang='lat' dir='ltr'>nolui</span> <span class='ocrx_word' id='word_1_34' title='bbox 318 785 422 844; x_wconf 78' lang='lat' dir='ltr'>deesse</span> <span class='ocrx_word' id='word_1_35' title='bbox 431 803 470 844; x_wconf 90' lang='lat' dir='ltr'>ne</span> <span class='ocrx_word' id='word_1_36' title='bbox 481 783 588 842; x_wconf 76' lang='lat' dir='ltr'>tacitae</span> <span class='ocrx_word' id='word_1_37' title='bbox 598 783 715 860; x_wconf 85' lang='lat' dir='ltr'>quidem</span> <span class='ocrx_word' id='word_1_38' title='bbox 724 781 898 858; x_wconf 76' lang='lat' dir='ltr'>flagitationi</span> <span class='ocrx_word' id='word_1_39' title='bbox 909 785 983 838; x_wconf 80' lang='lat' dir='ltr'>tune.</span> 
     </span>
     <span class='ocr_line' id='line_1_6' title="bbox 112 879 985 956; baseline 0 -19"><span class='ocrx_word' id='word_1_40' title='bbox 112 879 217 956; x_wconf 72' lang='lat' dir='ltr'>ltaque</span> <span class='ocrx_word' id='word_1_41' title='bbox 230 883 315 950; x_wconf 69' lang='lat' dir='ltr'>haec3</span> <span class='ocrx_word' id='word_1_42' title='bbox 328 900 395 941; x_wconf 91' lang='lat' dir='ltr'>cum</span> <span class='ocrx_word' id='word_1_43' title='bbox 407 899 523 942; x_wconf 88' lang='lat' dir='ltr'>mecum</span> <span class='ocrx_word' id='word_1_44' title='bbox 537 883 625 940; x_wconf 86' lang='lat' dir='ltr'>libros</span> <span class='ocrx_word' id='word_1_45' title='bbox 644 899 705 940; x_wconf 91' lang='lat' dir='ltr'>non</span> <span class='ocrx_word' id='word_1_46' title='bbox 718 882 864 947; x_wconf 72' lang='lat' dir='ltr'>habenta,</span> <span class='ocrx_word' id='word_1_47' title='bbox 877 896 985 938; x_wconf 88' lang='lat' dir='ltr'>memo-</span> 
     </span>
     <span class='ocr_line' id='line_1_7' title="bbox 109 977 984 1056; baseline -0.001 -20"><span class='ocrx_word' id='word_1_48' title='bbox 109 977 157 1036; x_wconf 85' lang='lat' dir='ltr'>ria</span> <span class='ocrx_word' id='word_1_49' title='bbox 169 979 302 1053; x_wconf 85' lang='lat' dir='ltr'>repetita,</span> <span class='ocrx_word' id='word_1_50' title='bbox 314 980 346 1038; x_wconf 90' lang='lat' dir='ltr'>in</span> <span class='ocrx_word' id='word_1_51' title='bbox 359 981 423 1056; x_wconf 85' lang='lat' dir='ltr'>ipre</span> <span class='ocrx_word' id='word_1_52' title='bbox 436 980 626 1055; x_wconf 81' lang='lat' dir='ltr'>navigatione</span> <span class='ocrx_word' id='word_1_53' title='bbox 636 979 806 1053; x_wconf 85' lang='lat' dir='ltr'>conscripsi,</span> <span class='ocrx_word' id='word_1_54' title='bbox 821 979 930 1053; x_wconf 88' lang='lat' dir='ltr'>tibique</span> <span class='ocrx_word' id='word_1_55' title='bbox 944 995 984 1034; x_wconf 86' lang='lat' dir='ltr'>ex</span> 
     </span>
     <span class='ocr_line' id='line_1_8' title="bbox 110 1073 982 1153; baseline -0.003 -17"><span class='ocrx_word' id='word_1_56' title='bbox 110 1073 219 1136; x_wconf 85' lang='lat' dir='ltr'>itinere</span> <span class='ocrx_word' id='word_1_57' title='bbox 232 1077 314 1136; x_wconf 84' lang='lat' dir='ltr'>misi:</span> <span class='ocrx_word' id='word_1_58' title='bbox 334 1084 367 1138; x_wconf 92' lang='lat' dir='ltr'>ut</span> <span class='ocrx_word' id='word_1_59' title='bbox 379 1097 446 1138; x_wconf 85' lang='lat' dir='ltr'>mea</span> <span class='ocrx_word' id='word_1_60' title='bbox 467 1078 621 1153; x_wconf 77' lang='lat' dir='ltr'>diligentie</span> <span class='ocrx_word' id='word_1_61' title='bbox 639 1079 840 1138; x_wconf 81' lang='lat' dir='ltr'>mandatorum</span> <span class='ocrx_word' id='word_1_62' title='bbox 859 1083 982 1143; x_wconf 90' lang='lat' dir='ltr'>tuorum,</span> 
     </span>
     <span class='ocr_line' id='line_1_9' title="bbox 111 1175 982 1254; baseline 0 -22"><span class='ocrx_word' id='word_1_63' title='bbox 111 1178 277 1252; x_wconf 86' lang='lat' dir='ltr'>tequoque‚</span> <span class='ocrx_word' id='word_1_64' title='bbox 289 1179 347 1236; x_wconf 88' lang='lat' dir='ltr'>etsi</span> <span class='ocrx_word' id='word_1_65' title='bbox 368 1178 549 1236; x_wconf 78' lang='lat' dir='ltr'>admonitore</span> <span class='ocrx_word' id='word_1_66' title='bbox 571 1195 631 1254; x_wconf 84' lang='lat' dir='ltr'>non</span> <span class='ocrx_word' id='word_1_67' title='bbox 654 1193 732 1251; x_wconf 81' lang='lat' dir='ltr'>eges,</span> <span class='ocrx_word' id='word_1_68' title='bbox 751 1176 789 1232; x_wconf 86' lang='lat' dir='ltr'>ad</span> <span class='ocrx_word' id='word_1_69' title='bbox 812 1175 982 1234; x_wconf 81' lang='lat' dir='ltr'>memoriam</span> 
     </span>
     <span class='ocr_line' id='line_1_10' title="bbox 109 1274 981 1348; baseline -0.001 -16"><span class='ocrx_word' id='word_1_70' title='bbox 109 1279 273 1334; x_wconf 85' lang='lat' dir='ltr'>nostrarum</span> <span class='ocrx_word' id='word_1_71' title='bbox 286 1293 382 1334; x_wconf 87' lang='lat' dir='ltr'>rerum</span> <span class='ocrx_word' id='word_1_72' title='bbox 395 1276 565 1334; x_wconf 85' lang='lat' dir='ltr'>excitarem.</span> <span class='ocrx_word' id='word_1_73' title='bbox 605 1276 667 1333; x_wconf 82' lang='lat' dir='ltr'>Sed</span> <span class='ocrx_word' id='word_1_74' title='bbox 680 1275 745 1348; x_wconf 82' lang='lat' dir='ltr'>jam</span> <span class='ocrx_word' id='word_1_75' title='bbox 758 1279 870 1348; x_wconf 89' lang='lat' dir='ltr'>tempus</span> <span class='ocrx_word' id='word_1_76' title='bbox 882 1279 929 1331; x_wconf 85' lang='lat' dir='ltr'>est</span> <span class='ocrx_word' id='word_1_77' title='bbox 942 1274 981 1331; x_wconf 89' lang='lat' dir='ltr'>ad</span> 
     </span>
     <span class='ocr_line' id='line_1_11' title="bbox 111 1371 793 1448; baseline 0.012 -18"><span class='ocrx_word' id='word_1_78' title='bbox 111 1371 153 1441; x_wconf 87' lang='lat' dir='ltr'>id,</span> <span class='ocrx_word' id='word_1_79' title='bbox 167 1376 243 1448; x_wconf 89' lang='lat' dir='ltr'>qnod</span> <span class='ocrx_word' id='word_1_80' title='bbox 255 1375 442 1444; x_wconf 86' lang='lat' dir='ltr'>instituimus,</span> <span class='ocrx_word' id='word_1_81' title='bbox 455 1376 604 1433; x_wconf 86' lang='lat' dir='ltr'>accedere.</span> <span class='ocrx_word' id='word_1_82' title='bbox 791 1434 793 1438; x_wconf 86' lang='grc'><em>,</em></span> 
     </span>
    </p>

    <p class='ocr_par' dir='ltr' id='par_1_3' title="bbox 105 1471 1011 3412">
     <span class='ocr_line' id='line_1_12' title="bbox 153 1471 1011 1550; baseline 0.007 -22"><span class='ocrx_word' id='word_1_83' title='bbox 153 1471 231 1530; x_wconf 76' lang='lat' dir='ltr'>(lam</span> <span class='ocrx_word' id='word_1_84' title='bbox 249 1473 344 1530; x_wconf 84' lang='lat' dir='ltr'>omnia</span> <span class='ocrx_word' id='word_1_85' title='bbox 364 1473 438 1532; x_wconf 86' lang='lat' dir='ltr'>ratio</span> <span class='ocrx_word' id='word_1_86' title='bbox 458 1474 582 1550; x_wconf 78' lang='lat' dir='ltr'>diligens</span> <span class='ocrx_word' id='word_1_87' title='bbox 603 1472 763 1532; x_wconf 86' lang='lat' dir='ltr'>disserendi</span> <span class='ocrx_word' id='word_1_88' title='bbox 783 1473 855 1530; x_wconf 90' lang='lat' dir='ltr'>duas</span> <span class='ocrx_word' id='word_1_89' title='bbox 873 1473 1011 1534; x_wconf 64' lang='lat' dir='ltr'>habeali</span> 
     </span>
     <span class='ocr_line' id='line_1_13' title="bbox 109 1570 979 1646; baseline 0.002 -20"><span class='ocrx_word' id='word_1_90' title='bbox 109 1573 229 1642; x_wconf 80' lang='lat' dir='ltr'>partes3</span> <span class='ocrx_word' id='word_1_91' title='bbox 249 1587 336 1628; x_wconf 84' lang='lat' dir='ltr'>unam</span> <span class='ocrx_word' id='word_1_92' title='bbox 355 1570 535 1641; x_wconf 82' lang='lat' dir='ltr'>inveniendi,</span> <span class='ocrx_word' id='word_1_93' title='bbox 548 1575 671 1631; x_wconf 82' lang='lat' dir='ltr'>altarum</span> <span class='ocrx_word' id='word_1_94' title='bbox 684 1572 857 1646; x_wconf 81' lang='lat' dir='ltr'>judicandi:</span> <span class='ocrx_word' id='word_1_95' title='bbox 878 1571 979 1628; x_wconf 90' lang='lat' dir='ltr'>utrius·</span> 
     </span>
     <span class='ocr_line' id='line_1_14' title="bbox 108 1667 979 1746; baseline -0.002 -22"><span class='ocrx_word' id='word_1_96' title='bbox 108 1683 169 1742; x_wconf 88' lang='lat' dir='ltr'>que</span> <span class='ocrx_word' id='word_1_97' title='bbox 184 1667 327 1742; x_wconf 78' lang='lat' dir='ltr'>princepe,</span> <span class='ocrx_word' id='word_1_98' title='bbox 341 1675 372 1728; x_wconf 82' lang='lat' dir='ltr'>ut</span> <span class='ocrx_word' id='word_1_99' title='bbox 386 1671 458 1729; x_wconf 89' lang='lat' dir='ltr'>mihi</span> <span class='ocrx_word' id='word_1_100' title='bbox 468 1671 585 1746; x_wconf 85' lang='lat' dir='ltr'>quidem</span> <span class='ocrx_word' id='word_1_101' title='bbox 595 1671 720 1738; x_wconf 86' lang='lat' dir='ltr'>videtur,</span> <span class='ocrx_word' id='word_1_102' title='bbox 732 1671 907 1726; x_wconf 86' lang='lat' dir='ltr'>Aristoteles</span> <span class='ocrx_word' id='word_1_103' title='bbox 915 1668 979 1726; x_wconf 84' lang='lat' dir='ltr'>luit.</span> 
     </span>
     <span class='ocr_line' id='line_1_15' title="bbox 109 1765 980 1828; baseline 0.001 -5"><span class='ocrx_word' id='word_1_104' title='bbox 109 1765 207 1824; x_wconf 81' lang='lat' dir='ltr'>Stoici</span> <span class='ocrx_word' id='word_1_105' title='bbox 234 1772 332 1826; x_wconf 85' lang='lat' dir='ltr'>aulem</span> <span class='ocrx_word' id='word_1_106' title='bbox 357 1769 390 1828; x_wconf 89' lang='lat' dir='ltr'>in</span> <span class='ocrx_word' id='word_1_107' title='bbox 417 1771 510 1828; x_wconf 84' lang='lat' dir='ltr'>ultera</span> <span class='ocrx_word' id='word_1_108' title='bbox 536 1770 767 1824; x_wconf 87' lang='lat' dir='ltr'>elaboraverunt.</span> <span class='ocrx_word' id='word_1_109' title='bbox 821 1765 980 1824; x_wconf 85' lang='lat' dir='ltr'>Judicandi</span> 
     </span>
     <span class='ocr_line' id='line_1_16' title="bbox 107 1857 984 1941; baseline -0.002 -19"><span class='ocrx_word' id='word_1_110' title='bbox 107 1864 190 1922; x_wconf 89' lang='lat' dir='ltr'>enim</span> <span class='ocrx_word' id='word_1_111' title='bbox 216 1867 282 1924; x_wconf 82' lang='lat' dir='ltr'>vias</span> <span class='ocrx_word' id='word_1_112' title='bbox 310 1867 465 1941; x_wconf 77' lang='lat' dir='ltr'>diligenter</span> <span class='ocrx_word' id='word_1_113' title='bbox 487 1866 632 1940; x_wconf 86' lang='lat' dir='ltr'>persecuti</span> <span class='ocrx_word' id='word_1_114' title='bbox 659 1870 734 1933; x_wconf 84' lang='lat' dir='ltr'>sunt,</span> <span class='ocrx_word' id='word_1_115' title='bbox 762 1863 819 1922; x_wconf 77' lang='lat' dir='ltr'>⁰eu</span> <span class='ocrx_word' id='word_1_116' title='bbox 844 1857 984 1929; x_wconf 57' lang='lat' dir='ltr'>scientia</span> 
     </span>
     <span class='ocr_line' id='line_1_17' title="bbox 107 1962 978 2038; baseline -0.003 -18"><span class='ocrx_word' id='word_1_117' title='bbox 107 1979 196 2037; x_wconf 85' lang='lat' dir='ltr'>quem</span> <span class='ocrx_word' id='word_1_118' title='bbox 207 1963 565 2038; x_wconf 77' lang='lat' dir='ltr'>Dialecticenappellant.</span> <span class='ocrx_word' id='word_1_119' title='bbox 608 1962 978 2028; x_wconf 80' lang='lat' dir='ltr'>Inveniendivcmartem,</span> 
     </span>
     <span class='ocr_line' id='line_1_18' title="bbox 105 2060 977 2136; baseline -0.003 -18"><span class='ocrx_word' id='word_1_120' title='bbox 105 2077 184 2135; x_wconf 85' lang='lat' dir='ltr'>quae</span> <span class='ocrx_word' id='word_1_121' title='bbox 199 2060 315 2134; x_wconf 76' lang='lat' dir='ltr'>&#39;l&#39;opice</span> <span class='ocrx_word' id='word_1_122' title='bbox 329 2060 443 2128; x_wconf 86' lang='lat' dir='ltr'>dicitur,</span> <span class='ocrx_word' id='word_1_123' title='bbox 457 2077 585 2136; x_wconf 86' lang='lat' dir='ltr'>quaeque</span> <span class='ocrx_word' id='word_1_124' title='bbox 599 2061 637 2117; x_wconf 93' lang='lat' dir='ltr'>ad</span> <span class='ocrx_word' id='word_1_125' title='bbox 656 2078 737 2118; x_wconf 89' lang='lat' dir='ltr'>usum</span> <span class='ocrx_word' id='word_1_126' title='bbox 755 2060 850 2133; x_wconf 87' lang='lat' dir='ltr'>potior</span> <span class='ocrx_word' id='word_1_127' title='bbox 862 2064 933 2126; x_wconf 84' lang='lat' dir='ltr'>erat,</span> <span class='ocrx_word' id='word_1_128' title='bbox 946 2063 977 2116; x_wconf 90' lang='lat' dir='ltr'>et</span> 
     </span>
     <span class='ocr_line' id='line_1_19' title="bbox 106 2158 975 2234; baseline -0.002 -18"><span class='ocrx_word' id='word_1_129' title='bbox 106 2158 211 2222; x_wconf 84' lang='lat' dir='ltr'>ordine</span> <span class='ocrx_word' id='word_1_130' title='bbox 231 2163 350 2218; x_wconf 84' lang='lat' dir='ltr'>naturae</span> <span class='ocrx_word' id='word_1_131' title='bbox 372 2164 452 2217; x_wconf 87' lang='lat' dir='ltr'>certe</span> <span class='ocrx_word' id='word_1_132' title='bbox 475 2159 561 2233; x_wconf 90' lang='lat' dir='ltr'>prior,</span> <span class='ocrx_word' id='word_1_133' title='bbox 576 2164 666 2216; x_wconf 81' lang='lat' dir='ltr'>lotam</span> <span class='ocrx_word' id='word_1_134' title='bbox 688 2158 870 2234; x_wconf 83' lang='lat' dir='ltr'>reliquerunt.</span> <span class='ocrx_word' id='word_1_135' title='bbox 912 2159 975 2214; x_wconf 86' lang='lat' dir='ltr'>Nos</span> 
     </span>
     <span class='ocr_line' id='line_1_20' title="bbox 107 2257 975 2333; baseline 0 -19"><span class='ocrx_word' id='word_1_136' title='bbox 107 2263 215 2326; x_wconf 86' lang='lat' dir='ltr'>autem,</span> <span class='ocrx_word' id='word_1_137' title='bbox 236 2257 373 2332; x_wconf 83' lang='lat' dir='ltr'>quoniam</span> <span class='ocrx_word' id='word_1_138' title='bbox 399 2258 430 2316; x_wconf 87' lang='lat' dir='ltr'>iu</span> <span class='ocrx_word' id='word_1_139' title='bbox 457 2262 574 2333; x_wconf 86' lang='lat' dir='ltr'>utraque</span> <span class='ocrx_word' id='word_1_140' title='bbox 598 2275 709 2315; x_wconf 84' lang='lat' dir='ltr'>summa</span> <span class='ocrx_word' id='word_1_141' title='bbox 732 2257 841 2316; x_wconf 85' lang='lat' dir='ltr'>utilitas</span> <span class='ocrx_word' id='word_1_142' title='bbox 864 2262 918 2325; x_wconf 80' lang='lat' dir='ltr'>est,</span> <span class='ocrx_word' id='word_1_143' title='bbox 944 2262 975 2314; x_wconf 91' lang='lat' dir='ltr'>et</span> 
     </span>
     <span class='ocr_line' id='line_1_21' title="bbox 105 2357 973 2432; baseline 0.002 -20"><span class='ocrx_word' id='word_1_144' title='bbox 105 2360 264 2430; x_wconf 84' lang='lat' dir='ltr'>utramque,</span> <span class='ocrx_word' id='word_1_145' title='bbox 277 2357 379 2415; x_wconf 80' lang='lat' dir='ltr'>si-erit</span> <span class='ocrx_word' id='word_1_146' title='bbox 399 2357 499 2426; x_wconf 86' lang='lat' dir='ltr'>otium,</span> <span class='ocrx_word' id='word_1_147' title='bbox 520 2358 654 2432; x_wconf 81' lang='lat' dir='ltr'>persequi</span> <span class='ocrx_word' id='word_1_148' title='bbox 675 2358 846 2431; x_wconf 70' lang='lat' dir='ltr'>cogimmns,</span> <span class='ocrx_word' id='word_1_149' title='bbox 867 2358 905 2414; x_wconf 84' lang='lat' dir='ltr'>ab</span> <span class='ocrx_word' id='word_1_150' title='bbox 928 2373 973 2423; x_wconf 86' lang='lat' dir='ltr'>ea,</span> 
     </span>
     <span class='ocr_line' id='line_1_22' title="bbox 107 2453 974 2529; baseline -0.002 -19"><span class='ocrx_word' id='word_1_151' title='bbox 107 2472 183 2529; x_wconf 83' lang='lat' dir='ltr'>quae</span> <span class='ocrx_word' id='word_1_152' title='bbox 205 2453 283 2526; x_wconf 87' lang='lat' dir='ltr'>prior</span> <span class='ocrx_word' id='word_1_153' title='bbox 305 2459 359 2522; x_wconf 88' lang='lat' dir='ltr'>est,</span> <span class='ocrx_word' id='word_1_154' title='bbox 382 2454 533 2512; x_wconf 83' lang='lat' dir='ltr'>ordiemur.</span> <span class='ocrx_word' id='word_1_155' title='bbox 573 2456 616 2511; x_wconf 88' lang='lat' dir='ltr'>Ut</span> <span class='ocrx_word' id='word_1_156' title='bbox 639 2455 731 2528; x_wconf 76' lang='lat' dir='ltr'>igitur</span> <span class='ocrx_word' id='word_1_157' title='bbox 747 2471 845 2510; x_wconf 84' lang='lat' dir='ltr'>aarum</span> <span class='ocrx_word' id='word_1_158' title='bbox 871 2469 974 2520; x_wconf 87' lang='lat' dir='ltr'>rerum,</span> 
     </span>
     <span class='ocr_line' id='line_1_23' title="bbox 107 2551 974 2626; baseline -0.003 -18"><span class='ocrx_word' id='word_1_159' title='bbox 107 2569 182 2626; x_wconf 82' lang='lat' dir='ltr'>quae</span> <span class='ocrx_word' id='word_1_160' title='bbox 205 2551 392 2607; x_wconf 78' lang='lat' dir='ltr'>absconditae</span> <span class='ocrx_word' id='word_1_161' title='bbox 413 2556 489 2618; x_wconf 86' lang='lat' dir='ltr'>eunt,</span> <span class='ocrx_word' id='word_1_162' title='bbox 511 2553 707 2608; x_wconf 88' lang='lat' dir='ltr'>demonstrato</span> <span class='ocrx_word' id='word_1_163' title='bbox 728 2555 760 2607; x_wconf 88' lang='lat' dir='ltr'>et</span> <span class='ocrx_word' id='word_1_164' title='bbox 779 2553 880 2608; x_wconf 84' lang='lat' dir='ltr'>notato</span> <span class='ocrx_word' id='word_1_165' title='bbox 899 2552 974 2617; x_wconf 89' lang='lat' dir='ltr'>loco,</span> 
     </span>
     <span class='ocr_line' id='line_1_24' title="bbox 106 2646 974 2722; baseline -0.002 -16"><span class='ocrx_word' id='word_1_166' title='bbox 106 2649 205 2707; x_wconf 80' lang='lat' dir='ltr'>tacitis</span> <span class='ocrx_word' id='word_1_167' title='bbox 218 2646 353 2707; x_wconf 85' lang='lat' dir='ltr'>inventio</span> <span class='ocrx_word' id='word_1_168' title='bbox 372 2652 434 2704; x_wconf 83' lang='lat' dir='ltr'>est:</span> <span class='ocrx_word' id='word_1_169' title='bbox 455 2648 509 2716; x_wconf 87' lang='lat' dir='ltr'>sic,</span> <span class='ocrx_word' id='word_1_170' title='bbox 522 2665 589 2706; x_wconf 90' lang='lat' dir='ltr'>cum</span> <span class='ocrx_word' id='word_1_171' title='bbox 608 2648 805 2722; x_wconf 80' lang='lat' dir='ltr'>pervestigare</span> <span class='ocrx_word' id='word_1_172' title='bbox 825 2664 974 2722; x_wconf 79' lang='lat' dir='ltr'>argumen-</span> 
     </span>
     <span class='ocr_line' id='line_1_25' title="bbox 106 2745 974 2819; baseline -0.002 -15"><span class='ocrx_word' id='word_1_173' title='bbox 106 2751 169 2804; x_wconf 86' lang='lat' dir='ltr'>tum</span> <span class='ocrx_word' id='word_1_174' title='bbox 188 2745 304 2819; x_wconf 80' lang='lat' dir='ltr'>aliquod</span> <span class='ocrx_word' id='word_1_175' title='bbox 318 2745 459 2813; x_wconf 88' lang='lat' dir='ltr'>volumus‚</span> <span class='ocrx_word' id='word_1_176' title='bbox 472 2747 552 2802; x_wconf 91' lang='lat' dir='ltr'>locos</span> <span class='ocrx_word' id='word_1_177' title='bbox 565 2763 649 2803; x_wconf 89' lang='lat' dir='ltr'>nosse</span> <span class='ocrx_word' id='word_1_178' title='bbox 663 2747 817 2804; x_wconf 82' lang='lat' dir='ltr'>debemus:</span> <span class='ocrx_word' id='word_1_179' title='bbox 838 2747 880 2803; x_wconf 90' lang='lat' dir='ltr'>sic</span> <span class='ocrx_word' id='word_1_180' title='bbox 895 2746 974 2805; x_wconf 89' lang='lat' dir='ltr'>enim</span> 
     </span>
     <span class='ocr_line' id='line_1_26' title="bbox 107 2843 974 2920; baseline -0.001 -18"><span class='ocrx_word' id='word_1_181' title='bbox 107 2847 271 2920; x_wconf 85' lang='lat' dir='ltr'>appellatae</span> <span class='ocrx_word' id='word_1_182' title='bbox 285 2845 321 2901; x_wconf 82' lang='lat' dir='ltr'>ab</span> <span class='ocrx_word' id='word_1_183' title='bbox 338 2843 497 2902; x_wconf 81' lang='lat' dir='ltr'>Aristotele</span> <span class='ocrx_word' id='word_1_184' title='bbox 511 2849 579 2901; x_wconf 88' lang='lat' dir='ltr'>sunt</span> <span class='ocrx_word' id='word_1_185' title='bbox 597 2846 652 2901; x_wconf 84' lang='lat' dir='ltr'>hae</span> <span class='ocrx_word' id='word_1_186' title='bbox 673 2844 754 2919; x_wconf 85' lang='lat' dir='ltr'>quasi</span> <span class='ocrx_word' id='word_1_187' title='bbox 777 2845 870 2911; x_wconf 86' lang='lat' dir='ltr'>sedes,</span> <span class='ocrx_word' id='word_1_188' title='bbox 884 2863 900 2900; x_wconf 88' lang='lat' dir='ltr'>e</span> <span class='ocrx_word' id='word_1_189' title='bbox 914 2844 974 2918; x_wconf 87' lang='lat' dir='ltr'>qui-</span> 
     </span>
     <span class='ocr_line' id='line_1_27' title="bbox 108 2941 973 3017; baseline -0.002 -17"><span class='ocrx_word' id='word_1_190' title='bbox 108 2943 159 3001; x_wconf 85' lang='lat' dir='ltr'>bus</span> <span class='ocrx_word' id='word_1_191' title='bbox 188 2947 355 3017; x_wconf 83' lang='lat' dir='ltr'>argumenta</span> <span class='ocrx_word' id='word_1_192' title='bbox 382 2947 556 3017; x_wconf 88' lang='lat' dir='ltr'>promuntur.</span> <span class='ocrx_word' id='word_1_193' title='bbox 612 2944 713 3017; x_wconf 82' lang='lat' dir='ltr'>ltaque</span> <span class='ocrx_word' id='word_1_194' title='bbox 744 2941 815 2998; x_wconf 85' lang='lat' dir='ltr'>licet</span> <span class='ocrx_word' id='word_1_195' title='bbox 845 2941 973 3010; x_wconf 79' lang='lat' dir='ltr'>definire,</span> 
     </span>
     <span class='ocr_line' id='line_1_28' title="bbox 107 3041 972 3116; baseline -0.002 -16"><span class='ocrx_word' id='word_1_196' title='bbox 107 3041 204 3100; x_wconf 61' lang='lat' dir='ltr'>mum</span> <span class='ocrx_word' id='word_1_197' title='bbox 227 3059 291 3098; x_wconf 88' lang='lat' dir='ltr'>esse</span> <span class='ocrx_word' id='word_1_198' title='bbox 311 3041 473 3116; x_wconf 79' lang='lat' dir='ltr'>argumenti</span> <span class='ocrx_word' id='word_1_199' title='bbox 497 3043 615 3098; x_wconf 89' lang='lat' dir='ltr'>sedem:</span> <span class='ocrx_word' id='word_1_200' title='bbox 646 3045 845 3115; x_wconf 68' lang='lat' dir='ltr'>argumentum</span> <span class='ocrx_word' id='word_1_201' title='bbox 867 3046 972 3110; x_wconf 86' lang='lat' dir='ltr'>autem,</span> 
     </span>
     <span class='ocr_line' id='line_1_29' title="bbox 108 3141 971 3216; baseline 0.002 -19"><span class='ocrx_word' id='word_1_202' title='bbox 108 3141 257 3208; x_wconf 77' lang='lat' dir='ltr'>radonem,</span> <span class='ocrx_word' id='word_1_203' title='bbox 270 3159 343 3216; x_wconf 86' lang='lat' dir='ltr'>quae</span> <span class='ocrx_word' id='word_1_204' title='bbox 356 3142 399 3198; x_wconf 86' lang='lat' dir='ltr'>rel</span> <span class='ocrx_word' id='word_1_205' title='bbox 420 3141 525 3200; x_wconf 83' lang='lat' dir='ltr'>dubiae</span> <span class='ocrx_word' id='word_1_206' title='bbox 548 3141 636 3198; x_wconf 84' lang='lat' dir='ltr'>iaciat</span> <span class='ocrx_word' id='word_1_207' title='bbox 656 3141 752 3198; x_wconf 85' lang='lat' dir='ltr'>fidem.</span> <span class='ocrx_word' id='word_1_208' title='bbox 795 3141 853 3197; x_wconf 84' lang='lat' dir='ltr'>Sed</span> <span class='ocrx_word' id='word_1_209' title='bbox 874 3158 912 3198; x_wconf 87' lang='lat' dir='ltr'>ex</span> <span class='ocrx_word' id='word_1_210' title='bbox 926 3141 971 3199; x_wconf 88' lang='lat' dir='ltr'>his</span> 
     </span>
     <span class='ocr_line' id='line_1_30' title="bbox 109 3237 969 3314; baseline 0.005 -20"><span class='ocrx_word' id='word_1_211' title='bbox 109 3237 190 3306; x_wconf 81' lang='lat' dir='ltr'>locis,</span> <span class='ocrx_word' id='word_1_212' title='bbox 204 3239 234 3296; x_wconf 91' lang='lat' dir='ltr'>in</span> <span class='ocrx_word' id='word_1_213' title='bbox 245 3239 346 3314; x_wconf 89' lang='lat' dir='ltr'>quibus</span> <span class='ocrx_word' id='word_1_214' title='bbox 357 3247 524 3314; x_wconf 83' lang='lat' dir='ltr'>argumento</span> <span class='ocrx_word' id='word_1_215' title='bbox 536 3239 649 3299; x_wconf 88' lang='lat' dir='ltr'>inclusa</span> <span class='ocrx_word' id='word_1_216' title='bbox 659 3244 735 3307; x_wconf 87' lang='lat' dir='ltr'>sunl,</span> <span class='ocrx_word' id='word_1_217' title='bbox 746 3239 797 3297; x_wconf 88' lang='lat' dir='ltr'>alii</span> <span class='ocrx_word' id='word_1_218' title='bbox 809 3239 840 3298; x_wconf 91' lang='lat' dir='ltr'>iu</span> <span class='ocrx_word' id='word_1_219' title='bbox 852 3259 887 3298; x_wconf 89' lang='lat' dir='ltr'>eo</span> <span class='ocrx_word' id='word_1_220' title='bbox 897 3241 969 3314; x_wconf 90' lang='lat' dir='ltr'>ipso,</span> 
     </span>
     <span class='ocr_line' id='line_1_31' title="bbox 109 3334 1003 3412; baseline 0.004 -21"><span class='ocrx_word' id='word_1_221' title='bbox 109 3334 145 3392; x_wconf 90' lang='lat' dir='ltr'>dc</span> <span class='ocrx_word' id='word_1_222' title='bbox 157 3355 214 3411; x_wconf 88' lang='lat' dir='ltr'>quo</span> <span class='ocrx_word' id='word_1_223' title='bbox 234 3337 336 3412; x_wconf 82' lang='lat' dir='ltr'>agitur,</span> <span class='ocrx_word' id='word_1_224' title='bbox 357 3339 495 3396; x_wconf 79' lang='lat' dir='ltr'>haerent:</span> <span class='ocrx_word' id='word_1_225' title='bbox 514 3339 565 3396; x_wconf 86' lang='lat' dir='ltr'>elii</span> <span class='ocrx_word' id='word_1_226' title='bbox 578 3344 759 3396; x_wconf 87' lang='lat' dir='ltr'>assumuntur</span> <span class='ocrx_word' id='word_1_227' title='bbox 779 3339 967 3397; x_wconf 85' lang='lat' dir='ltr'>extrinsecus.</span> <span class='ocrx_word' id='word_1_228' title='bbox 1000 3335 1003 3340; x_wconf 76' lang='grc'><strong>’</strong></span> 
     </span>
    </p>
   </div>
   <div class='ocr_carea' id='block_1_3' title="bbox 110 3488 971 3606">
    <p class='ocr_par' dir='ltr' id='par_1_4' title="bbox 110 3488 971 3606">
     <span class='ocr_line' id='line_1_32' title="bbox 136 3488 971 3553; baseline -0.004 -16"><span class='ocrx_word' id='word_1_229' title='bbox 136 3488 186 3537; x_wconf 68' lang='lat' dir='ltr'>⁰co</span> <span class='ocrx_word' id='word_1_230' title='bbox 203 3491 300 3549; x_wconf 76' lang='lat' dir='ltr'>scientio,</span> <span class='ocrx_word' id='word_1_231' title='bbox 314 3491 397 3553; x_wconf 73' lang='lat' dir='ltr'>quom]</span> <span class='ocrx_word' id='word_1_232' title='bbox 428 3491 476 3539; x_wconf 79' lang='lat' dir='ltr'>Me.</span> <span class='ocrx_word' id='word_1_233' title='bbox 493 3492 522 3540; x_wconf 91' lang='lat' dir='ltr'>V.</span> <span class='ocrx_word' id='word_1_234' title='bbox 541 3493 590 3540; x_wconf 90' lang='lat' dir='ltr'>edd.</span> <span class='ocrx_word' id='word_1_235' title='bbox 606 3493 665 3543; x_wconf 80' lang='lat' dir='ltr'>Ven.</span> <span class='ocrx_word' id='word_1_236' title='bbox 681 3493 748 3543; x_wconf 88' lang='lat' dir='ltr'>Med.</span> <span class='ocrx_word' id='word_1_237' title='bbox 765 3494 828 3541; x_wconf 79' lang='lat' dir='ltr'>lunt.</span> <span class='ocrx_word' id='word_1_238' title='bbox 844 3507 891 3538; x_wconf 77' lang='lat' dir='ltr'>cum</span> <span class='ocrx_word' id='word_1_239' title='bbox 902 3503 971 3548; x_wconf 77' lang='lat' dir='ltr'>quum</span> 
     </span>
     <span class='ocr_line' id='line_1_33' title="bbox 110 3543 558 3606; baseline 0.009 -12"><span class='ocrx_word' id='word_1_240' title='bbox 110 3543 235 3606; x_wconf 80' lang='lat' dir='ltr'>Dicl.‚ete.</span> <span class='ocrx_word' id='word_1_241' title='bbox 266 3551 431 3600; x_wconf 84' lang='lat' dir='ltr'>Vereetmore</span> <span class='ocrx_word' id='word_1_242' title='bbox 440 3549 558 3598; x_wconf 70' lang='lat' dir='ltr'>Ciceronis.</span> 
     </span>
    </p>
   </div>
   <div class='ocr_carea' id='block_1_4' title="bbox 146 3650 590 3708">
    <p class='ocr_par' dir='ltr' id='par_1_5' title="bbox 146 3650 590 3708">
     <span class='ocr_line' id='line_1_34' title="bbox 146 3650 590 3708; baseline 0.005 -2"><span class='ocrx_word' id='word_1_243' title='bbox 146 3667 215 3708; x_wconf 86' lang='lat' dir='ltr'>ron.</span> <span class='ocrx_word' id='word_1_244' title='bbox 238 3669 284 3708; x_wconf 88' lang='lat' dir='ltr'>ur.</span> <span class='ocrx_word' id='word_1_245' title='bbox 522 3655 559 3708; x_wconf 82' lang='lat'>20</span> <span class='ocrx_word' id='word_1_246' title='bbox 570 3650 590 3684; x_wconf 67' lang='lat'>⁴*</span> 
     </span>
    </p>
   </div>
   <div class='ocr_carea' id='block_1_5' title="bbox 0 0 1222 4192">
    <p class='ocr_par' dir='ltr' id='par_1_6' title="bbox 0 0 1222 4192">
     <span class='ocr_line' id='line_1_35' title="bbox 0 0 1222 4192; baseline 0 1"><span class='ocrx_word' id='word_1_247' title='bbox 0 0 1222 4192; x_wconf 95' lang='lat' dir='ltr'> </span> 
     </span>
    </p>
   </div>
  </div>
 </body>
</html>
