2436 4192
495 339 638 388 cassos.
938 345 1001 406 209

135 505 226 563 quam
244 487 435 548 incisionibus
455 488 653 574 disserendum
672 492 727 556 est,
748 491 1002 564 quaerendumque,

135 593 232 646 utrum
247 607 306 647 una
316 589 427 662 speeies
437 593 467 645 st
480 588 629 662 longitudo
638 589 678 646 sit
688 606 796 654 aarum,
806 605 883 646 anne
894 590 1002 660 plures:

90 669 101 700 ”
133 693 176 757 et,
188 688 216 746 si
230 691 335 762 plures,
349 706 404 762 que
418 690 492 755 loeo,
506 693 555 745 aut
574 690 698 763 quando,
711 693 824 764 queque
843 690 1005 762 generanti

136 786 292 861 oporteat?
312 793 456 861 postremo
476 789 563 846 totius
577 788 694 862 generis
705 789 814 846 utilitas
828 787 1005 862 explicanda

136 891 191 954 est,
205 904 278 961 quae
290 886 408 961 quidem
421 891 502 961 patet
514 887 610 946 latius.
625 905 684 944 uon
699 890 736 944 ad
749 905 837 946 uuam
850 887 930 944 euim
944 905 1005 944 rem

136 986 274 1059 aliquam,
288 985 338 1043 sed
352 987 388 1044 ad
402 987 498 1059 plures
511 981 755 1043 accommodatur.
798 987 846 1044 Ac
860 987 931 1044 licet
946 1004 1005 1044 uon

134 1085 173 1140 ad
188 1084 314 1159 singulas
329 1103 374 1142 res
395 1085 620 1158 respondentem
634 1087 671 1142 de
684 1085 821 1142 universo
840 1097 947 1158 genere
961 1085 1004 1142 sic

135 1183 244 1251 dicere,
259 1189 290 1240 ut
303 1184 393 1241 etiam
413 1183 533 1258 singulis
554 1185 623 1240 satis
643 1202 809 1256 responsum
829 1203 893 1241 esse
907 1185 1004 1242 videa·

136 1287 190 1340 tur.
208 1357 212 1360 ²
233 1281 366 1340 Remotis
379 1283 468 1356 igitur
481 1283 598 1355 reliquis
619 1284 771 1356 generibus
794 1301 881 1341 unum
901 1283 1003 1358 selegi-

135 1399 208 1449 mus,
227 1380 323 1450 ⁹⁰lroc,
342 1383 417 1457 quod
438 1382 469 1438 iu
490 1382 586 1463 causis
608 1383 723 1458 loroque
744 1389 881 1451 versatur,
896 1385 932 1440 de
945 1400 1002 1458 quo

127 1482 309 1538 diceremus.
642 1462 645 1464 ’

178 1579 257 1652 Ergo
271 1579 302 1636 in
317 1579 390 1640 aliis,
404 1579 433 1637 id
455 1586 507 1650 est,
521 1579 552 1640 in
574 1582 702 1647 historia,
716 1585 747 1638 et
760 1582 791 1638 in
805 1600 850 1650 ec,
864 1585 940 1656 quod
954 1602 1002 1656 ap·

131 1680 273 1752 pellamus
286 1679 429 1735 aracaeus,
445 1682 542 1753 placet
555 1682 653 1738 omnia
666 1681 727 1736 dici
741 1683 888 1738 Isocrateo
903 1683 1001 1738 Theo

131 1795 314 1852 pompeoque
329 1795 416 1846 more,
430 1779 482 1835 ills
495 1778 762 1852 circumscriptione
782 1779 957 1853 ambituque,
972 1784 1003 1836 ut
1071 1790 1077 1805 '

135 1881 282 1950 tamquam
301 1878 333 1933 in
347 1879 415 1933 orbe
429 1877 543 1934 inclusa
556 1873 651 1934 currat
664 1878 766 1944 oratio,
780 1880 874 1951 quoad
887 1879 1003 1934 insistat

133 1973 166 2032 in
187 1974 308 2046 singulis
331 1973 464 2046 perlectis
486 1975 679 2048 absolutisque
696 1976 858 2032 sententiis.
901 1977 1002 2049 ltaque

134 2076 324 2147 posteaquam
350 2077 394 2128 est
418 2077 488 2130 nata
513 2069 587 2130 haee
614 2073 662 2129 vel
690 2073 928 2147 circumscriptio,
953 2075 1001 2131 vel

133 2170 365 2244 comprehensio,
393 2173 441 2228 vel
470 2171 659 2240 continuatio,
682 2173 731 2230 vel
759 2173 891 2242 ambitus,
913 2173 938 2231 si
959 2173 1001 2232 ita

134 2271 206 2328 licet
218 2270 314 2328 dicere
325 2292 332 2327 r
353 2287 449 2340 nemo,
462 2272 512 2346 qui
524 2271 620 2347 aliquo
634 2277 711 2330 esset
724 2272 755 2330 in
770 2291 898 2342 numero,
912 2273 1000 2348 scrip·

131 2369 172 2427 sit
183 2369 344 2428 orationem
358 2372 472 2444 generis
491 2371 562 2444 ejus
579 2373 657 2446 quod
678 2377 755 2430 esset
774 2373 811 2428 ad
831 2373 999 2430 delectatio·

132 2486 201 2527 uem
221 2475 427 2540 comparatum,
446 2473 643 2543 remotmnque
661 2487 679 2526 a
694 2469 815 2542 judiciis
837 2470 998 2543 forensique

130 2566 302 2632 certamine,
315 2566 384 2638 quin
399 2566 542 2638 redigeret
554 2579 655 2622 omues
675 2563 735 2624 iere
753 2567 784 2624 in
798 2569 934 2642 quadrum
948 2585 999 2625 uu·
1090 2599 1105 2611 ι

130 2681 301 2737 morumque
313 2663 484 2720 sententias.
524 2665 602 2720 Nam
624 2681 689 2730 cum
703 2665 728 2722 is
750 2671 795 2722 est
816 2666 936 2734 auditor,
949 2669 999 2741 qui

131 2781 193 2822 uon
207 2767 350 2830 vereatur,
362 2780 398 2820 ne
407 2761 584 2840 compositae
593 2757 732 2820 orationis
742 2763 856 2820 insidiis
867 2783 918 2820 sua
929 2766 998 2822 tides

131 2867 301 2930 attentetur,
327 2863 450 2936 gratiam
473 2879 583 2936 quoque
597 2845 692 2920 'babet
718 2861 833 2931 oratori,
857 2863 1000 2937 voluptati

132 2962 245 3023 aurium
258 2961 408 3020 servienti.
450 2961 552 3018 Genus
565 2965 662 3020 autem
682 2957 738 3020 boc
754 2959 892 3020 orationis
906 2982 997 3039 neque
1009 2963 1050 3022 62

131 3067 226 3118 totum
240 3063 441 3118 assumendum
455 3065 500 3117 est
513 3061 550 3118 ad
564 3073 665 3118 causas
683 3061 820 3129 forenses,
834 3080 927 3138 neque
940 3083 998 3122 om·

133 3156 206 3220 uiuo
219 3157 434 3233 repudiandum.
469 3159 511 3220 ai
523 3159 603 3220 enim
613 3177 726 3235 semper
738 3165 828 3230 utare,
837 3176 904 3220 oum
914 3164 999 3224 satie·

133 3263 224 3315 tatem
239 3245 329 3326 affert,
343 3261 413 3324 tum,
425 3257 510 3332 quale
523 3258 572 3328 sit,
584 3259 674 3322 etiam
688 3261 725 3318 ab
744 3259 884 3335 irnperitis
897 3257 999 3338 agnos·

132 3356 220 3416 citur.
268 3357 405 3417 Detrahit
431 3361 579 3430 praeterea
598 3358 721 3420 aetionis
742 3361 882 3430 dolorem,
908 3363 1000 3420 aufert

133 3441 291 3512 humanum
304 3466 421 3518 sensum
439 3456 554 3524 actoris,
571 3457 647 3518 tollit
661 3445 788 3524 funditus
803 3458 956 3516 veritatem
970 3457 999 3510 st

163 3604 329 3671 uuam]
360 3601 657 3670 aerumpnam,

168 3691 238 3748 ion.
254 3704 300 3750 ιιι.
618 3695 654 3752 19
