2474 4188
526 357 662 426 savam.
985 383 1029 446 η

155 525 250 582 artem
263 528 296 582 et
315 528 472 599 praecepta
488 524 613 592 Siculos,
631 523 775 582 Coracem
788 529 819 583 et
832 525 947 584 Tisiam
959 540 1028 608 ecre

159 623 321 697 scripsisse.
364 624 442 681 Nam
469 629 557 681 antea
580 623 728 682 neminem
749 623 866 681 solitum
888 625 947 692 via,
973 641 1029 684 nec

157 727 232 794 arte,
259 724 311 780 sed
338 727 473 780 accurate
496 730 605 791 tamen,
631 725 720 780 etde
741 719 853 796 scripto
879 724 1029 797 plerosque

156 821 270 879 dicere:
281 821 459 896 scriptasque
470 821 557 879 luisse
571 827 601 879 et
615 827 728 895 paratas
739 838 757 878 a
768 822 925 896 Protagora
936 839 1031 880 rerum

161 919 315 978 illustrium
333 921 553 994 disputationes,
573 938 647 995 quae
660 939 738 978 nunc
751 935 920 978 communes
933 921 1030 993 appel·

158 1017 255 1077 lentur
265 1019 333 1078 loci.
375 1021 460 1092 Quod
473 1021 552 1077 idern
566 1020 671 1077 secisse
685 1019 834 1093 Gorgiam,
851 1037 920 1078 cum
933 1019 1030 1093 singu

160 1119 253 1175 larum
268 1135 362 1176 rerum
376 1120 474 1175 laudes
490 1117 774 1193 vituperationesque
794 1119 1029 1192 conscripsisset:

158 1217 237 1291 quod
252 1215 400 1291 judiearet
420 1218 477 1275 troc
499 1218 619 1275 oratoria
642 1235 706 1275 esse
727 1219 855 1276 maxime
876 1217 1031 1292 proprium,

160 1331 223 1372 rem
246 1331 351 1390 augere
376 1334 460 1390 posse
487 1317 641 1384 laudando,
667 1317 915 1392 vituperandoque
935 1333 1030 1374 rursus

161 1403 300 1492 affligere.
342 1416 420 1474 Huic
449 1415 662 1490 Antiphontem
686 1416 895 1474 Rhamnusium
921 1415 1031 1474 similia
1117 1439 1119 1444 ·

159 1514 331 1590 ²⁰quaedam
353 1515 487 1573 imbuisse
508 1515 691 1590 conscripta:
718 1533 774 1592 quo
795 1515 943 1574 neminem
970 1533 1030 1572 um-

159 1631 249 1688 quam
268 1617 369 1674 melius
390 1617 479 1673 ullam
492 1615 622 1672 oravisse
642 1614 748 1688 capitis
768 1631 895 1683 causam,
915 1633 981 1672 cum
997 1633 1030 1672 sc

159 1713 223 1787 ipse
237 1715 412 1783 detenderet,
433 1732 465 1770 se
484 1714 631 1782 audiente,
651 1704 780 1788 locuples
795 1720 896 1771 auctor
913 1713 1031 1788 scripsit

160 1811 364 1888 Thucydides.
405 1814 484 1870 Nam
506 1814 628 1886 Lysiam
650 1813 743 1887 primo
763 1813 890 1887 profiteri
912 1814 1031 1871 solitum

155 1916 253 1969 artem
273 1930 337 1967 esse
351 1911 485 1968 dicendi:
501 1913 618 1980 alsinda,
630 1913 707 1986 quod
721 1913 895 1970 Theodorus
907 1915 985 1968 esset
998 1911 1031 1969 ira

156 2014 224 2066 arte
238 2009 381 2075 subtilior,
393 2008 425 2065 in
438 2010 616 2065 orationibus
632 2015 729 2065 autern
736 2009 873 2078 ieiunius.
884 2009 1032 2066 crationes

156 2119 229 2163 eum
243 2102 370 2160 scribere
384 2101 450 2159 aliis
470 2102 612 2176 coepisse,
632 2107 724 2160 artem
737 2104 905 2162 removisse.
947 2105 1032 2165 sinl-

157 2206 227 2262 liter
240 2201 260 2234 ²¹
273 2203 430 2259 Isocratem
445 2201 537 2275 primo
550 2206 641 2259 artem
654 2201 773 2260 dicendi
786 2221 851 2261 esse
864 2206 1030 2280 negavisse,

157 2302 286 2362 scribere
310 2305 406 2358 autem
430 2301 496 2358 aliis
517 2302 634 2362 solitum
660 2301 843 2374 murationes,
867 2304 969 2382 quibua
995 2307 1031 2372 ln

151 2400 274 2482 judiciis
289 2405 452 2458 uterentur:
466 2385 608 2470 seticum
623 2419 661 2460 ex
675 2420 712 2460 eo
730 2401 752 2436 ω
761 2400 842 2483 (quia
855 2407 936 2484 qussi
949 2423 1028 2470 cour¹

159 2562 240 2603 sutura
252 2555 373 2617 proclivem
382 2555 412 2601 ad
425 2556 587 2603 controversias
599 2561 623 2602 et
637 2555 689 2604 lites
702 2557 781 2606 iuisse=
796 2559 856 2622 quod
871 2562 983 2612 consentit
991 2561 1027 2623 iis,

155 2629 214 2676 quae
223 2617 252 2662 de
261 2615 385 2662 sicariorum
395 2615 483 2674 iugenio
491 2620 578 2662 veteres
588 2617 708 2664 tradidere.

188 2693 211 2726 ²⁰
222 2695 332 2764 quaedum
343 2691 443 2740 doluisse
457 2693 594 2755 comacula]
625 2693 676 2742 Hoc
689 2711 734 2744 non
747 2697 818 2744 tundit
831 2697 975 2759 Thucydides
991 2715 1027 2759 eo,

157 2753 196 2814 qui
206 2755 242 2800 luc
248 2753 354 2808 innuitur,
362 2753 420 2807 loco,
430 2751 496 2808 vul,
503 2755 539 2797 68.
571 2754 648 2813 ltaque
655 2755 697 2800 hoc
706 2757 736 2802 ad
744 2755 873 2804 Anatotelis
878 2761 1028 2808 narrationem

158 2812 263 2874 pertinet,
274 2818 348 2858 cetera
365 2812 439 2868 niodo,
455 2825 497 2880 quc
511 2811 629 2868 cendone
646 2817 689 2859 etc.
705 2820 781 2860 sunte
796 2814 936 2874 Tlrucydide.
952 2818 1029 2880 itaque

157 2871 223 2918 colon
233 2871 308 2932 scrIpsi
318 2875 370 2933 post
378 2874 506 2926 compta.

188 2949 209 2981 ²¹
224 2947 342 2995 lucratam
355 2976 365 2984 -
378 2975 390 2984 -
401 2953 472 2996 aarum
481 2973 492 2981 -
505 2973 515 2982 -
526 2947 656 3009 negociare]
688 2947 747 2998 Plut.
765 2949 789 2996 in
804 2949 869 2998 lsosr.
883 2967 905 3014 p.
922 2955 971 3002 838.
987 2954 1027 3014 ait,

158 3007 214 3055 alios
223 3009 320 3066 tradere,
330 3023 381 3056 eum
390 3023 433 3056 non
442 3009 531 3086 (1an
541 3007 580 3054 sed
589 3026 680 3062 acaum
689 3024 751 3056 usurn
761 3025 815 3067 esse,
823 3009 880 3060 alios
887 3018 969 3074 autem,
976 3030 1027 3064 aum

157 3091 238 3140 σεχνας
247 3090 427 3143 ovyflpgnqnas.

188 3157 213 3190 aa
226 3159 333 3205 „mm
341 3159 439 3219 pillau-
448 3184 457 3194 -
465 3160 601 3222 utaentur]
632 3160 683 3208 Hoc
692 3165 758 3221 negat
767 3165 791 3209 et
799 3171 906 3226 pernegat
922 3167 1028 3218 leocrates

160 3229 182 3273 in
191 3229 231 3275 Or.
248 3237 296 3290 nugs
304 3222 430 3273 amedaram
443 3230 467 3271 et
476 3226 499 3272 in
508 3226 601 3273 Panatlr.
613 3241 632 3288 p
646 3231 696 3276 sul.
735 3229 780 3278 aad
788 3235 837 3278 sunt
846 3235 921 3281 umen
930 3233 954 3284 in
963 3235 1028 3286 editis

159 3287 269 3347 quaedam
279 3285 391 3333 iudiciales
399 3299 514 3331 causarum
523 3285 668 3346 privatarum.

189 3363 213 3397 ²³
226 3364 279 3424 prtia
297 3363 361 3423 paud
382 3375 465 3420 comm,
488 3364 542 3424 etc]
573 3366 684 3415 corradus
702 3368 766 3428 pransi
789 3369 955 3432 interpretatur,
974 3371 1028 3434 quia

157 3421 238 3470 Cicero
247 3425 277 3469 ad
291 3424 364 3480 legem
378 3421 506 3468 Romamn
521 3427 648 3486 respexerit,
661 3427 684 3472 in
696 3441 740 3488 qua
755 3429 797 3475 hoc
806 3435 904 3488 cavetur,
916 3431 952 3477 vel
966 3431 1027 3491 quis,

158 3482 246 3544 proprie
265 3487 289 3528 et
303 3483 396 3552 aagqssm
410 3481 528 3542 loquendo,
548 3490 625 3530 contra
643 3485 715 3544 legem
733 3487 798 3534 illam
811 3499 854 3534 nou
874 3487 1025 3549 mmmlsarit3

158 3547 218 3606 quod
235 3547 321 3594 aulius.
354 3549 460 3594 leocrates
477 3561 525 3626 mgr
536 3553 607 3602 amad.
623 3564 645 3610 p.
666 3552 715 3599 750.
737 3549 791 3596 dicit
804 3569 902 3627 ugano
912 3554 995 3603 damu
1006 3571 1026 3603 o

157 3627 205 3668 aua
213 3629 286 3678 apem
295 3627 430 3671 ammaum,
445 3627 578 3681 qumquam
591 3615 638 3664 stae
652 3615 707 3677 legis
720 3617 840 3668 meldone.
871 3617 897 3666 si
909 3615 988 3666 cinara
996 3617 1026 3666 ad
