2436 4192
227 301 290 363 coz
593 297 736 350 omnus,

226 441 357 500 stans.
397 439 456 502 Pes
469 440 558 512 enim,
570 443 620 520 qui
633 443 786 502 adhibetur
798 441 837 500 ad
850 455 999 510 numeros,
1008 438 1031 476 ⁷²
1040 456 1105 516 par·

227 539 297 598 titur
307 539 340 598 in
349 540 414 610 tria,
423 546 455 599 ut
465 559 585 600 necesse
598 540 646 608 sit,
657 545 770 616 partem
783 540 866 614 pedis
886 543 936 598 aut
949 540 1104 614 aequalem

227 635 345 696 ”alteri
357 638 441 712 parti,
463 644 513 696 aut
532 641 625 698 altero
644 643 738 708 tauto,
762 642 812 696 aut
825 637 921 714 sesqui
935 655 1002 694 csse
1015 636 1105 710 maio

227 753 298 796 rens.
318 736 361 797 ita
373 737 405 794 fit
417 737 546 812 aequalis
559 735 704 811 dactylus,
727 737 837 811 duplex
857 736 987 809 iambus,
1007 732 1105 809 sesqui

228 851 343 909 paeou3
363 834 410 910 qui
425 835 515 908 pedes
528 834 561 892 in
574 835 737 895 orationem
757 851 819 894 non
842 835 947 892 cadere
966 832 1018 907 qui
1042 849 1104 906 pos·

228 937 297 992 aunt
307 930 319 990 l
331 932 435 1006 quibus
447 932 550 990 ordine
564 933 679 1001 locatis,
692 934 769 1008 quod
778 931 910 999 efficimr,
919 946 1102 988 numerosum

228 1032 268 1092 uit
286 1049 408 1091 necesse
426 1035 480 1090 est.
522 1028 582 1090 Sed
594 1031 749 1106 quaeritur,
759 1047 817 1106 quo
830 1046 960 1098 numero,
980 1034 1033 1088 aut
1045 1028 1103 1104 qui·

229 1133 283 1190 bus
306 1132 486 1206 potissimum
505 1130 545 1189 sit
567 1130 717 1187 utendum.
757 1128 893 1188 Incidere
914 1144 989 1184 vero
1001 1143 1101 1187 omnes

173 1253 176 1260 ·
229 1229 263 1286 in
286 1230 458 1296 orationem,
481 1228 572 1286 etiam
595 1246 634 1286 ex
660 1228 718 1286 hoc
745 1225 871 1300 intelligi
893 1229 1001 1300 potest,
1028 1225 1101 1301 quod

230 1344 330 1384 versus
351 1345 441 1402 saepo
454 1327 486 1384 in
505 1326 637 1386 oratione
656 1343 708 1399 per
725 1323 950 1398 imprudentiam
962 1323 1100 1382 dicimus:

229 1420 348 1501 m(quod
370 1425 560 1482 vehementer
583 1429 629 1481 est
648 1423 801 1482 vitiosum:
822 1423 873 1482 sed
898 1439 958 1480 uon
981 1421 1102 1482 attendi·

229 1539 303 1591 mus,
339 1539 432 1598 neque
472 1520 644 1583 exaudimus
678 1524 793 1580 nosmet
827 1522 905 1596 ipsos
919 1517 943 1597 ε)
972 1519 1101 1578 senarios

231 1626 351 1690 vernet
365 1620 585 1696 Hipponacteos
605 1619 731 1706 effingere
746 1620 799 1678 vix
819 1635 979 1693 possumus.
1022 1617 1102 1694 Mag·

231 1737 301 1792 nam
322 1719 402 1778 enim
425 1724 537 1794 partem
561 1736 600 1776 cx
620 1717 730 1791 jambis
752 1717 1102 1777 nostraccostatcratio:
1206 1763 1207 1798 p

234 1819 285 1878 sed
304 1824 402 1882 tamen
425 1835 475 1876 eos
500 1835 599 1875 versus
621 1817 708 1876 tacite
729 1815 864 1892 agnoscit
885 1815 1010 1873 auditor.
1037 1818 1103 1874 sunt

234 1919 314 1976 enisu
327 1915 516 1980 usitatissimi.
557 1918 743 1976 lnculcamus
756 1920 855 1974 autem
875 1933 927 1988 per
941 1912 1103 1988 impruden·

235 2016 308 2074 tiam
320 2034 407 2090 saepe
421 2014 510 2074 etiam
524 2014 620 2077 miuus
640 2014 771 2084 usitatos,
798 2013 850 2072 sed
870 2016 969 2070 tamen
983 2029 1102 2070 venus:

236 2114 374 2172 vitiosum
386 2131 487 2188 genus,
501 2119 531 2174 et
541 2115 629 2188 longa
642 2113 733 2172 animi
746 2111 915 2187 provisione¹
925 2111 1100 2185 fugiendum

234 2209 335 2282 Elegit
361 2228 400 2266 ex
423 2209 520 2266 multis
545 2209 713 2268 '‘Isocratis
739 2210 819 2268 libris
845 2209 965 2283 triginta
985 2209 1104 2266 tortam

234 2321 335 2360 wreus
361 2303 568 2376 Hieronymus,
588 2306 796 2379 peripateticus
819 2307 851 2365 in
875 2306 974 2381 primis
987 2307 1105 2374 nobilis,

235 2403 385 2476 plerosque
408 2399 546 2471 senarios,
569 2403 622 2462 sed
640 2402 730 2462 etiam
741 2402 763 2437 ⁷⁵
773 2409 945 2478 anapaesta:
965 2422 1024 2480 quo
1037 2403 1104 2480 quid
1205 2387 1206 2430 i

265 2555 286 2590 '¹¹
299 2555 399 2614 partitur
407 2553 434 2603 ic
447 2553 510 2617 triu]
540 2556 573 2604 lu
582 2557 626 2604 triu
635 2555 693 2604 Mas.
710 2557 780 2604 tribus
790 2543 882 2616 aberam
891 2557 957 2664 2⁰⁰⁶
966 2571 1012 2604 non
1022 2571 1070 2605 esce
1079 2557 1106 2606 oe

236 2613 308 2662 nihilo
326 2619 391 2676 putat
407 2614 523 2662 Gruterum.
554 2617 626 2663 Locus
645 2629 698 2662 asne
715 2616 783 2664 duma
801 2621 842 2674 est,
862 2621 889 2662 et
903 2621 988 2664 natasse
1003 2616 1103 2664 vitiosus.

236 2674 316 2720 densus
326 2677 373 2720 cst:
389 2672 462 2730 Pedia,
493 2688 522 2719 ua
534 2677 616 2734 partes,
626 2673 671 2720 tria
680 2687 762 2732 genera
771 2677 833 2721 sunt:
849 2673 873 2720 in
882 2674 955 2735 prium
964 2679 1016 2721 sumt
1030 2679 1105 2736 parts·

236 2731 349 2794 aequales,
358 2731 415 2778 utin
423 2687 522 2790 caepio,
531 2733 775 2792 anapaesto,spondso=
791 2733 814 2778 in
824 2732 897 2779 altero
906 2732 1044 2794 insequutor,
1053 2732 1105 2780 ut'm

232 2789 319 2850 jambo,
328 2791 442 2848 trochaeo,
456 2790 495 2838 ubi
504 2805 555 2854 pars
564 2805 608 2837 una
615 2791 689 2836 altero
697 2795 762 2837 tauto
770 2791 843 2848 major
852 2795 887 2836 est
895 2791 981 2849 altem
997 2790 1021 2837 in
1029 2790 1104 2846 tertio,

236 2853 264 2898 ut
272 2849 295 2896 in
303 2865 396 2912 paeone,
411 2864 457 2897 una
466 2855 538 2910 parte,
548 2863 579 2897 sc.
590 2848 665 2908 longa,
679 2849 779 2911 reliquae
788 2853 839 2896 sunt
848 2848 920 2910 sesqui
928 2850 1031 2907 maiores.
1061 2847 1106 2900 sel

237 2923 273 2958 rea
281 2909 393 2957 brevitate
401 2907 513 2956 cbsmrius
522 2912 674 2969 expressunt.

267 3007 292 3040 '¹²
306 3008 439 3054 emoden-
448 3006 533 3068 -scaqui
541 3021 583 3054 erse
592 3006 720 3111 conjeram&
745 3005 848 3054 Budaeus
857 3007 887 3054 de
895 3019 943 3054 asse
953 3021 976 3068 p,
986 3021 1017 3053 m.
1026 3009 1060 3055 lt).
1069 3006 1106 3054 da·

237 3063 271 3110 let
280 3065 376 3112 alterurn
386 3079 435 3121 ears,
450 3069 475 3111 et
488 3065 611 3135 transponit
620 3065 710 3112 verbsu
720 3063 774 3112 tiana
783 3065 826 3111 ria:
842 3067 910 3112 uitem
920 3070 980 3112 inm
992 3065 1104 3124 moiun,
1204 3055 1205 3130 J

237 3125 369 3182 autumpni.-
399 3123 443 3170 uod
458 3123 617 3171 Ciceronianae
634 3123 775 3171 collocationi
790 3123 902 3180 convenit,
920 3124 960 3170 sed
975 3124 1046 3184 sesqua¹
1065 3136 1105 3172 casa
1204 3141 1205 3193 ᾗ

237 3179 343 3238 mojorem
397 3186 422 3228 to
430 3181 505 3241 magis.
538 3183 616 3244 ltaque
624 3181 719 3242 primum
728 3180 941 3230 praemunivit.
953 3181 1035 3230 delevi

238 3389 254 3424 ¹
268 3388 413 3500 ⁸allsograutic
454 3449 491 3500 sie
500 3450 549 3500 Mu.
563 3451 593 3499 V.
604 3453 656 3500 edd.
671 3458 767 3513 veteres,
785 3469 829 3504 nco
837 3453 938 3514 Isamfi,
952 3455 1014 3518 qood
1022 3453 1106 3516 vulgati

240 3514 329 3578 quddam
338 3515 416 3574 praeto
426 3524 470 3558 ere.
487 3525 528 3558 eae
538 3515 589 3558 mut
599 3512 776 3574 antiquariorum
785 3516 868 3562 sordes.

269 3596 292 3630 ‘1⁸
304 3591 436 3654 uuquam]
466 3590 551 3654 Margo
561 3592 597 3641 sd.
607 3591 667 3642 Veu.
677 3585 831 3654 impacatos,
841 3597 865 3643 st
875 3587 926 3644 naci
936 3607 964 3642 cc
969 3607 1008 3653 pr.
1019 3593 1090 3643 suta.
