2444 4194
465 309 601 361 BRUl‘Ud.
903 317 960 382 111

107 457 168 518 dam
180 464 314 528 oratores,
327 463 362 518 ut
374 458 521 533 imperitos
529 475 628 532 posses
639 457 671 516 iu
682 475 805 516 errorem
818 459 963 521 inducere.

106 561 239 636 Equidem
252 561 285 618 iu
307 560 476 634 quibusdam
490 559 576 615 risum
590 561 644 616 vix
663 561 809 627 tenebam,
832 576 898 616 cum
913 563 966 618 At-

106 659 160 715 tico
177 659 285 733 Lysiae
301 659 445 716 Catonem
458 663 585 714 nostrum
606 659 803 731 comparabat,
830 674 967 732 maguum

104 759 260 816 mehercule
281 757 440 823 bominem,
462 757 512 812 vel
531 756 624 829 potius
644 773 785 812 summum
798 761 829 812 et
842 756 969 830 singula·

104 873 158 914 rem
178 857 285 914 virum:
310 874 398 913 nemo
420 855 500 912 dicet
523 873 628 911 secus:
649 857 701 912 sed
719 853 885 937 orptorem?
915 857 968 913 sed

105 954 185 1012 etiam
199 954 311 1029 Lysiae
324 951 472 1011 similem?
492 971 548 1028 quo
563 953 635 1010 nibil
657 957 752 1026 potest
773 972 836 1010 asse
850 953 966 1027 pictius.

103 1053 176 1110 balla
189 1054 294 1122 ironia,
308 1054 334 1110 si
346 1053 528 1126 jocaremur:
549 1052 595 1108 sin
606 1068 815 1119 asseveramus,
829 1053 909 1120 vide,
929 1071 968 1110 ne

104 1153 199 1226 religio
212 1153 299 1210 nobis
322 1157 382 1208 tam
398 1151 564 1208 adhibenda
577 1150 624 1218 sit,
646 1165 731 1224 quam
743 1147 796 1206 ⁰⁹si
810 1151 969 1210 testimoni-

103 1267 146 1307 um
158 1251 301 1308 dicamus.
342 1251 408 1324 Ego
419 1249 499 1310 enim
513 1247 657 1306 Catonem
670 1254 805 1318 tuum,¹ut
815 1249 922 1319 ciuem,
936 1255 968 1308 ut

104 1355 273 1417 senatorem,
300 1354 332 1406 ut
350 1350 562 1422 imperatorem,
582 1333 732 1406 ut'virum
749 1349 873 1424 denique
899 1367 967 1408 cum
1057 1366 1064 1382 ¹

103 1448 257 1520 prudentia
271 1452 301 1504 et
310 1447 470 1520 diligentia,
484 1451 543 1504 tum
557 1447 637 1504 omni
645 1447 751 1504 virtute
760 1451 967 1518 excellentem,

101 1547 205 1617 probo:
227 1531 373 1601 orationes
382 1549 477 1601 autern
488 1545 559 1618 ejus,
568 1550 601 1602 ut
613 1545 671 1602 illis
686 1545 870 1620 temporibus,
879 1549 967 1605 valde

100 1644 193 1700 laudo.
215 1642 380 1717 significant
393 1644 471 1700 enirn
484 1645 628 1719 quandam
648 1645 768 1701 sormam
781 1645 902 1719 ingenii,
915 1647 967 1704 sed

101 1742 252 1799 admodum
266 1739 435 1815 impolitam,
445 1748 476 1798 et
489 1745 575 1815 plane
596 1743 704 1800 rudem.
748 1743 882 1818 Origines
896 1763 968 1802 vero

101 1856 163 1896 cum
184 1839 318 1898 omnibus
340 1839 462 1897 oratoris
489 1840 620 1897 laudibus
644 1842 762 1898 refertas
789 1842 910 1909 diceres,
937 1846 968 1900 et

102 1937 246 1996 Catonem
268 1953 335 1994 cum
363 1937 490 1993 Philisto
514 1941 544 1992 et
572 1938 751 2010 Thucydide
778 1955 969 2013 comparares,

100 2031 231 2094 Brutone
252 2039 282 2090 te
300 2033 331 2090 id
345 2035 495 2101 censebas,
519 2051 557 2091 an
576 2034 648 2092 mihi
672 2033 880 2110 probaturum?
899 2055 968 2112 quos

102 2135 175 2193 euim
186 2153 226 2192 ne
241 2133 391 2190 eGraecis
404 2132 521 2207 quidem
535 2132 683 2207 quisquam
695 2133 803 2192 imitari
815 2139 919 2209 potest,
932 2134 969 2194 iis

103 2237 131 2290 lu
140 2247 292 2307 comparas
307 2231 454 2288 bominem
466 2231 675 2301 Tusculanum,
685 2233 813 2292 nondum
822 2235 968 2310 suspican-

103 2335 168 2400 tem,
181 2334 267 2408 quale
286 2333 362 2387 esset
383 2329 500 2404 copiose
522 2336 671 2389 stomata
692 2331 800 2390 dicere.
841 2333 967 2394 Galbam
978 2339 1020 2402 86

104 2429 206 2487 laudas.
229 2430 256 2486 si
279 2433 312 2487 ut
334 2428 414 2486 illius
436 2428 539 2485 aetatis
563 2431 734 2504 principem,
753 2432 903 2489 assentior.
924 2433 968 2491 sic

105 2529 178 2586 enim
191 2528 378 2603 accepimus:
400 2526 446 2583 sin
459 2532 491 2584 ut
503 2531 654 2596 oratorem,
675 2531 758 2596 cedo,
779 2547 894 2604 quaeso,
908 2549 969 2588 ora·

105 2625 203 2697 tiones,
217 2625 301 2706 (sunt
315 2621 417 2702 enim)
432 2629 462 2680 et
474 2625 532 2692 dic,
553 2611 640 2694 hunc,
654 2645 738 2701 quem
752 2632 783 2685 tu
796 2631 869 2702 plus,
883 2645 969 2704 quam

105 2727 242 2796 laamas,
257 2727 392 2792 Barium,
414 2724 492 2780 velle
507 2728 536 2779 te
549 2723 601 2780 illo
614 2725 700 2782 modo
713 2725 820 2782 dicere.
861 2727 970 2784 Probas
1081 2714 1087 2726 ⁸

106 2821 206 2896 Lepidi
220 2823 379 2882 orationes.
401 2822 528 2896 paullum
539 2819 589 2877 hic
603 2820 657 2877 tibi
669 2822 819 2890 assentior,
833 2825 918 2880 modo
928 2823 971 2882 ita

104 2921 205 2992 laudes,
218 2929 250 2981 ut
262 2922 396 2996 antiquas
409 2941 416 2977 z
437 2921 513 2996 quod
521 2920 593 2977 item
601 2919 638 2976 de
651 2919 800 2987 Africano,
810 2921 847 2977 de
858 2921 970 2993 Laelio,

104 3019 181 3093 cujus
199 3026 230 3080 tu
252 3019 385 3078 oratione
398 3036 488 3094 negas
501 3018 564 3076 fieri
577 3017 730 3104 quidquam
751 3037 834 3092 posse
846 3021 968 3080 dulcius.

106 3117 182 3176 addis
195 3120 288 3196 etiam
306 3118 410 3185 nescio¹
430 3117 497 3193 quid
519 3116 674 3190 augustius.
696 3118 813 3176 nomine
826 3137 878 3177 nos
889 3109 969 3196 capis

105 3218 204 3276 summi
217 3217 286 3286 viri,
300 3217 436 3292 vitaeque
457 3214 690 3290 elegantissimae
709 3217 866 3278 verissimis
880 3221 969 3280 laudi·

105 3312 162 3372 hus.
202 3317 337 3374 Remove
359 3316 526 3372 bacernae
549 3314 606 3372 ista
629 3315 723 3374 dulcis
749 3318 842 3376 oratio
862 3319 904 3376 ita
930 3321 969 3377 ait

131 3465 151 3499 ω
165 3468 343 3517 &testimonium
357 3467 474 3528 alimmum]
506 3467 544 3514 Sic
558 3467 646 3530 scripsit
660 3469 754 3530 Cicer05
769 3486 821 3528 nou,
839 3471 968 3524 diceremur,

106 3525 173 3632 m
181 3525 316 3634 ⁸iiqpulgatis
325 3547 330 3575 r
347 3541 397 3574 uam
412 3526 534 3588 praecedit,
550 3542 697 3578 assmmmus
704 3555 715 3566 ·
724 3555 733 3566 -
742 3543 771 3577 na
781 3556 791 3566 -
799 3555 809 3566 ·
818 3529 897 3586 religio
905 3527 970 3574 odiri
