2444 4192
206 373 268 430 2⁸4
425 362 615 414 uaeronran
630 362 854 416 mutatoriae

206 512 256 572 illa
266 515 343 580 aunt,
354 529 428 587 quae
440 509 685 587 praestantissima
698 511 737 573 eit
749 511 874 589 dignitas
885 512 988 572 vitae
1020 515 1073 574 Aa

205 630 260 687 que
284 610 464 685 enquidem,
488 627 561 686 quae
584 610 658 680 dixi,
679 611 854 686 cognitionia
875 616 942 670 eunt
964 613 1073 670 omnia.

207 711 331 769 Restant
352 709 493 768 aetiouiez
513 710 596 783 eujus
613 711 734 770 alterum
754 717 800 770 eol
811 709 1015 785 praecipiendi
1027 730 1075 786 ge·

206 828 270 878 uua,
283 809 359 885 quod
370 810 407 867 ad
417 807 560 868 rationem
572 807 662 868 officii
675 810 818 883 pertinet:
839 814 879 878 ut,
892 811 1077 885 quemadmo·

206 913 275 968 dum
288 906 405 966 colendi
417 906 478 966 eint
491 913 644 981 parentes:
664 910 785 966 atterum
798 912 896 966 autem
915 909 951 966 ad
974 909 1077 968 sedan-

206 1007 391 1076 donanim,
415 1012 447 1066 el
468 1007 600 1066 oratione
612 1008 767 1076 sanandae,
787 1008 863 1066 utin
888 1009 1076 1068 ooneotandi·

207 1106 391 1176 moeroribus,
414 1111 447 1166 ut
467 1107 499 1165 in
521 1105 670 1164 iracundia
691 1105 917 1180 comprimenda,
941 1112 993 1165 aut
1013 1105 1076 1165 ''in

206 1208 308 1268 timore
337 1210 475 1276 tollendo,
495 1212 546 1265 eut
568 1207 600 1266 iu
626 1206 786 1281 eupiditate
809 1207 977 1266 minuenda.
1019 1205 1075 1266 Oui

207 1307 323 1382 quidem
346 1307 448 1381 generi
471 1305 646 1365 eontrarium
667 1311 713 1363 est
733 1305 898 1379 disputandi
918 1309 1015 1379 'genus
1038 1306 1074 1362 ad

206 1407 324 1463 eoadem
337 1404 403 1462 illos
417 1405 508 1462 animi
523 1409 626 1471 motus,
648 1405 722 1478 quod
742 1404 774 1462 iu
795 1403 1002 1476 amplificanda
1014 1421 1075 1462 ore·

207 1503 287 1562 tione
300 1520 387 1576 saepe
412 1501 643 1569 faciendumst,
668 1506 718 1559 vel
732 1503 901 1577 gignendos,
915 1505 965 1560 vei
979 1503 1076 1560 eonoi·

207 1601 320 1660 nudos.
363 1603 460 1676 Atque
474 1601 547 1658 haee
560 1600 619 1658 lere
629 1605 675 1656 eet
688 1602 807 1674 partitio
820 1602 1074 1660 consultationum.

155 1711 197 1768 20
209 1703 246 1760 C.
260 1704 296 1759 F.
309 1701 460 1776 Cognovi:
480 1699 500 1731 ⁸⁸
510 1700 563 1757 aed
576 1717 649 1773 quae
659 1699 732 1756 ratio
746 1700 784 1756 eit
798 1701 830 1758 in
844 1700 889 1756 hie
903 1698 1074 1755 inveniendi

209 1808 240 1860 et
266 1800 448 1874 disponendi,
470 1799 593 1874 requiro.
649 1798 683 1855 0.
706 1799 739 1855 P.
762 1795 862 1870 Quid?
894 1801 922 1854 lu
945 1797 1072 1852 etiamne

208 1919 320 1968 denses,
335 1907 439 1957 elnon
452 1898 584 1965 eandem,
598 1914 670 1972 quae
684 1900 729 1953 eet
750 1896 892 1969 exposita,
913 1899 944 1953 ul
965 1913 1005 1950 ex
1017 1895 1072 1950 eir·

209 2002 277 2058 dem
290 2000 363 2058 loeis
376 1999 413 2056 ad
427 1998 514 2056 tidem
527 2001 557 2054 et
578 1997 616 2054 ad
634 1994 843 2053 inveniendum
862 1995 1003 2052 dueautur
1016 2013 1074 2052 om-

208 2097 282 2156 nia?
310 2096 484 2156 Ootlooaudi
497 2100 594 2154 autem
607 2111 680 2170 quae
694 2100 739 2152 eet
752 2093 887 2170 exposita
899 2094 931 2152 in
955 2094 1022 2152 aliia
1035 2111 1075 2152 ra·

208 2196 259 2262 tio,
273 2197 375 2252 eadem
386 2196 442 2252 huo
454 2195 628 2252 transfertur.

103 2277 105 2279 ’
248 2291 376 2363 Cognita
386 2291 473 2363 igitur
482 2291 563 2346 omni
572 2291 774 2350 distributione
788 2293 997 2366 propositarum
1010 2311 1075 2350 eon-

207 2389 403 2456 rultationum,
431 2385 612 2446 ”causarum
642 2407 751 2463 genera
777 2396 886 2448 restent
913 2394 1075 2448 admodum.

207 2491 248 2550 Et
269 2506 367 2546 earum
390 2488 505 2563 quidem
526 2486 616 2544 forma
637 2489 748 2561 duplex
768 2495 828 2546 eet:
849 2507 969 2563 quanam
987 2493 1078 2548 nitere

208 2589 433 2648 detentationem
447 2591 574 2643 sectatur
595 2586 722 2644 aurium:
744 2586 871 2655 alteriue,
893 2593 925 2644 nt
938 2589 1078 2654 obtineat,

208 2692 309 2764 probet
323 2692 353 2744 et
367 2686 472 2743 efficiat
486 2687 562 2759 quod
576 2686 645 2759 agit,
671 2685 765 2742 omnis
788 2691 833 2742 eet
856 2691 991 2760 suscepta
1012 2704 1079 2744 oon·

209 2788 310 2848 tentio.
366 2787 467 2858 ltaque
494 2783 565 2841 illud
599 2784 736 2857 superius,
765 2783 918 2841 exornatio
951 2785 1078 2844 dieitur:

210 2889 285 2962 quod
305 2884 409 2942 ¹⁰⁰‘ourn
420 2885 511 2940 latum
523 2901 613 2955 genus
627 2901 690 2940 ease
705 2887 809 2956 potest,
819 2899 946 2957 saneque
958 2884 1078 2950 varium,

240 3037 507 3098 alterumalteum]
540 3035 794 3084 ravennatium.
826 3035 884 3082 Mox
901 3037 980 3082 endem
995 3037 1078 3082 uulnu-

211 3113 265 3144 rum
274 3121 284 3129 -
293 3123 303 3132 ·
312 3098 340 3144 in
348 3097 518 3154 ompdfimtione
526 3096 637 3142 motionis.

240 3175 261 3205 ⁹⁸
275 3174 375 3230 sedum
384 3175 441 3218 ratio
447 3174 494 3232 ad]
525 3173 572 3219 Me.
584 3173 614 3220 V,
625 3174 687 3219 delet
695 3174 747 3220 aad:
762 3187 803 3236 pro
812 3177 925 3220 citantem
939 3173 1079 3220 scribendum

211 3232 254 3276 ait:
269 3229 309 3274 nisi
320 3229 383 3274 malis
397 3232 485 3288 requiro
494 3231 576 3276 delere.
609 3231 653 3276 Sed
662 3232 691 3276 sit
702 3233 769 3278 habet
783 3233 818 3278 ed.
830 3233 887 3278 Veu.
920 3232 979 3278 Mox
988 3233 1036 3278 Me.
1048 3233 1077 3278 V.

211 3291 247 3335 ed.
259 3288 316 3334 Veu.
328 3295 377 3345 poet
387 3290 478 3334 modam
487 3290 563 3334 delent
572 3303 621 3343 aare,
632 3290 689 3347 quod
700 3292 804 3349 praetuli.

241 3367 263 3399 ⁹⁹
278 3381 295 3411 c.
307 3369 479 3422 generaverant
493 3365 600 3432 omnim]
617 3366 660 3410 Ed.
673 3367 730 3414 Ven.
742 3370 807 3416 addit
816 3373 960 3427 supraema
987 3369 1037 3416 Me.
1049 3369 1079 3418 Β.

211 3421 434 3475 restantudmodum:
450 3423 509 3481 quod
518 3421 584 3480 plane
594 3423 651 3468 rdem
662 3430 709 3470 est:
726 3428 764 3473 sed
781 3443 825 3474 non
842 3433 875 3474 eet
891 3428 920 3473 ab
935 3428 1079 3474 aberratione

212 3492 251 3534 ant
260 3482 395 3532 correctione
405 3479 499 3525 librarii:
516 3479 606 3540 ejusque
616 3482 686 3538 glossa
704 3485 768 3531 eitius
785 3487 813 3532 sit
829 3487 926 3542 omniuo,
937 3501 1004 3546 quarn
1014 3487 1079 3544 huju

211 3547 275 3592 illud.
306 3542 349 3590 ud.
361 3540 418 3587 Ver.
429 3537 501 3584 voluit
509 3537 569 3583 idem
577 3539 638 3595 dare,
649 3543 688 3587 sed
696 3547 729 3589 est
738 3545 820 3590 amada.

240 3625 271 3657 ¹⁰⁰
285 3637 336 3670 aum
354 3621 424 3667 lurtum
432 3633 503 3676 mua
517 3619 649 3678 urepotmd
668 3622 714 3668 Ant
723 3622 885 3670 eumvitiorum
895 3625 936 3679 eet,
956 3625 1076 3680 eatpateet.

211 3697 292 3744 nempe
300 3689 339 3728 aut
348 3680 451 3742 muntem
461 3683 499 3725 aut
507 3679 573 3736 passu
580 3677 715 3727 scribendum
726 3685 765 3726 eat.
