2436 4192
235 365 299 426 ω
540 355 800 410 mrnnnsrrurr

234 505 382 566 sententis
389 505 506 582 proprio
516 506 634 565 nomine
646 508 837 580 enthymema
849 505 982 565 dicetur:
1004 507 1068 576 seri,
1080 511 1112 566 ut

235 605 381 664 Homerus
407 609 523 681 propter
544 603 750 664 excellentium
778 621 932 663 commune
959 610 1112 679 poetarum

235 721 344 762 nornen
368 705 459 763 eflicit
481 705 558 778 spurl
572 706 702 764 Graecos
725 717 827 773 snum;
849 703 902 771 sic,
915 719 984 760 curn
1012 702 1111 760 omnis

236 802 381 860 sententis
402 802 590 876 enthymema
611 804 733 870 (licetur,
747 801 816 878 quin
837 799 954 858 videtur
966 817 1014 869 ec,
1035 817 1111 876 quse

236 918 276 958 ex
288 901 439 961 contrariis
452 902 631 970 conficietur,
650 902 826 968 acutissime,
844 903 907 958 sole
922 899 1040 974 proprie
1064 916 1113 957 no

220 1003 304 1058 'rueu
332 1015 485 1058 commune
511 999 648 1074 possidet.
690 999 763 1075 Ejus
790 999 905 1075 generis
931 1000 1008 1056 lruec
1036 1003 1112 1056 sunt.

235 1093 692 1166 “Hruwmcttoeruultmrnriu
713 1104 786 1155 mdo
807 1094 1009 1174 conponere?
1028 1095 1115 1164 liuor,

236 1194 696 1272 quemammodum.-
714 1193 1032 1272 Beneqoummeritom
1051 1211 1111 1252 esse

237 1300 377 1362 wluerus,
404 1293 475 1352 dicis
500 1293 574 1352 mule
599 1293 723 1352 meum?
746 1294 790 1364 Id,
813 1292 887 1372 quod
907 1292 973 1362 scis,
996 1291 1111 1370 prodest

187 1384 326 1448 stetu:
344 1391 383 1460 id,
405 1392 481 1469 quod
498 1391 598 1462 nescu,
624 1391 728 1451 obeo?
748 1395 813 1452 lloc
836 1391 999 1450 disserendi
1022 1408 1113 1466 genus

235 1488 355 1563 attingit
368 1491 488 1550 omniuo
501 1499 614 1549 vestras
634 1495 754 1567 quoque
774 1491 806 1550 in
830 1493 1033 1566 respondendo
1055 1490 1112 1566 dis·

235 1588 419 1664 putationes:
440 1591 492 1646 sed
501 1590 736 1664 philosophorum
748 1592 854 1665 megis3
875 1591 977 1665 quibus
988 1595 1035 1648 est
1044 1609 1111 1650 curn

236 1688 399 1746 oratoribus
411 1688 463 1746 illa
488 1707 527 1746 ex
540 1689 765 1764 repugnantibus
779 1689 933 1747 sententiis
946 1690 1110 1750 communis

237 1788 398 1855 conclusio,
411 1805 485 1862 quse
499 1805 516 1844 u
530 1788 694 1846 dialecticis
708 1788 808 1846 tertius
830 1789 969 1856 morines
990 1786 1111 1846 rhetori·

237 1885 290 1942 bus
312 1887 499 1959 enthymema
519 1892 709 1959 nuncupetur.
750 1886 868 1961 Reliqui
888 1886 1110 1944 dialecticonrm
1210 1949 1211 1958 χ

238 1984 318 2042 ruodi
331 1986 425 2059 plures
453 1989 530 2053 sunt,
553 1985 603 2058 qui
626 2003 664 2041 err
689 1983 931 2058 disjunctionibus
957 1989 1110 2044 constsnt:

239 2086 290 2140 cut
305 2084 371 2152 lroc,
385 2087 435 2141 out
448 2081 538 2140 illuri:
554 2083 609 2140 hoc
621 2089 718 2140 autern
728 2082 904 2158 :porrigitur
914 2083 996 2140 illuri.
1027 2085 1112 2140 ltenr·

238 2198 303 2256 que,
318 2183 374 2238 hoc
388 2185 448 2248 cut,
461 2186 509 2240 cut
524 2181 613 2238 illud:
635 2199 694 2238 non
715 2187 813 2238 eutem
827 2181 901 2238 lroc:
922 2181 995 2238 illud
1013 2181 1110 2255 igitur.

238 2279 322 2348 Quae
336 2280 537 2337 conclusiones
551 2279 661 2336 idcirco
670 2284 749 2336 rutue
763 2285 839 2347 sunt,
852 2279 968 2354 quodin
982 2279 1109 2353 disjunc-

235 2374 318 2432 tione
333 2378 396 2449 plus
409 2395 468 2435 uno
482 2395 582 2436 verum
596 2395 659 2434 esse
674 2397 732 2436 non
753 2384 856 2452 potest.
899 2380 999 2452 Atque
1023 2397 1061 2437 err
1072 2377 1108 2436 iis

238 2476 482 2545 conclusionibus,
509 2494 578 2551 ques
605 2494 690 2550 supra
718 2477 830 2551 scripsi,
856 2478 943 2549 prior,
970 2481 1110 2551 quertus;

237 2575 387 2648 posterior,
425 2575 541 2648 quintus
562 2593 580 2633 a
603 2557 767 2634 dialecticis
804 2577 903 2634 modus
941 2579 1111 2650 appellatur.

238 2671 357 2728 Deinde
366 2673 475 2730 addunt
485 2675 723 2748 conjunctionum
732 2675 910 2749 negantium,
920 2674 1063 2732 sio:Non
1080 2678 1111 2731 et
1158 2715 1165 2726 .
1208 2719 1209 2746 3

237 2769 406 2838 honestet
425 2770 513 2828 illurl:
533 2774 590 2830 hoc
615 2778 726 2831 cutem:
747 2789 807 2831 non
821 2773 908 2847 igitur
926 2773 1008 2831 illud.
1050 2771 1108 2830 llic
1208 2775 1209 2802 ¹

237 2871 338 2928 ruudus
352 2875 397 2927 est
419 2874 528 2927 sextus.
571 2872 718 2945 Septimus
741 2875 846 2939 nutem,
871 2873 940 2928 Non
955 2877 987 2928 et
1000 2873 1066 2938 hoc,
1079 2874 1110 2955 et

239 2967 328 3025 ‘lludz
351 2985 410 3026 non
433 2974 530 3026 autern
552 2969 626 3026 hoc:
648 2970 719 3027 illud
744 2969 840 3044 igitur.
880 2969 929 3027 Ex
953 2970 1000 3027 his
1018 2966 1110 3026 modis

222 2985 441 3172 &pelusium
455 3067 680 3126 innumerabiles
694 3073 859 3134 nuscuntur,
872 3068 903 3126 in
917 3085 976 3142 quo
989 3073 1035 3127 est
1051 3069 1109 3126 iere

232 3163 479 3236 totudiulecticu„
522 3165 580 3222 Sed
595 3183 633 3220 ne
655 3182 708 3221 ese
732 3165 857 3240 quidem,
881 3183 952 3241 quus
978 3167 1109 3242 exposui,

238 3258 277 3315 ud
290 3257 366 3316 hunc
377 3259 589 3319 institutionem
598 3267 665 3319 suut
678 3266 869 3324 necessariae.

266 3409 685 3476 offmmsum--metetep
716 3416 1106 3478 Sieirtecurnlnterrogundinoh

238 3469 381 3534 exprimenda
390 3469 472 3540 errori:
488 3485 539 3518 unm
549 3472 602 3518 euth
642 3477 769 3537 ema‚quod
787 3475 974 3538 propricdiciorr,
992 3483 1027 3526 est
1043 3478 1108 3528 istir
1206 3521 1207 3530 ,

234 3529 585 3610 ιινιιὶίοοιιισαῒεἏιἮιμιΗΙΙυεὶ
615 3532 694 3582 oretur
711 3535 983 3598 mummium
