2444 4194
483 385 619 438 savina.
925 401 986 471 12³

120 525 189 584 satis
210 527 263 588 diu
290 530 401 590 vixerit
427 533 606 606 Hortensius,
632 543 730 598 tamen
764 541 842 602 hunc
874 563 986 611 cursum

120 627 291 688 coniecerit.
333 631 429 690 Annis
449 639 517 692 ante
537 637 640 695 decern
660 656 761 698 causas
782 659 868 716 agere
882 649 987 721 coepit,

119 741 206 798 quam
219 739 251 784 tn
272 745 304 786 es
317 736 411 788 natus.
425 732 505 790 idem
526 743 628 809 quarto
648 743 678 796 et
697 744 881 816 sexagesimo
901 764 988 819 anno,

120 825 272 897 perpaucis
293 833 362 912 ante
384 836 505 890 mortem
525 833 636 903 diebus,
658 855 716 895 una
738 845 834 900 tecum
856 861 988 905 socerum

119 925 200 982 tunm
213 927 344 986 defendit
358 930 496 1004 Appium.
538 933 666 992 Dicendi
686 942 781 996 antem
801 959 891 1014 genus
911 945 989 1018 quod

118 1020 205 1082 luerit
225 1024 257 1082 in
276 1031 405 1102 utroque,
423 1029 569 1090 orationes
589 1033 736 1110 utriusque
756 1038 845 1098 etiam
864 1043 988 1114 posteris

118 1123 224 1180 nostris
237 1123 421 1185 indicabunt.

121 1263 126 1272 .
157 1221 226 1288 Sed,
239 1223 265 1279 si
278 1226 451 1298 quaerimus,
464 1243 516 1284 cur
542 1231 710 1290 adolescens
738 1235 829 1310 mans
856 1238 985 1300 domarit
998 1240 1038 1300 95

115 1317 253 1390 dicando,
265 1340 352 1398 qnam
365 1325 462 1382 senior
482 1327 670 1402 Hortensium
689 1349 790 1392 causas
811 1337 986 1411 reperiemus

116 1417 284 1478 verissimas
297 1423 377 1480 duas.
417 1421 584 1495 ”Primum
598 1433 674 1503 quod
686 1451 777 1506 genus
797 1441 858 1494 erat
882 1439 985 1498 oratio·

115 1515 165 1576 nis
181 1517 353 1588 Asiaticum,
367 1523 580 1584 adolescentiae
594 1530 684 1604 magis
695 1548 876 1605 concessum,
897 1555 985 1612 quam

114 1615 273 1672 senectuti.
297 1619 430 1678 -Gsnern
455 1628 550 1682 antem
578 1627 729 1688 Asiaticae
756 1633 902 1703 dictionis,
928 1638 985 1695 duo

114 1717 203 1770 sant:
223 1731 311 1772 unum
324 1720 533 1780 sententiosum
548 1727 578 1781 et
601 1731 742 1800 argutum,
757 1732 911 1790 sententiis
925 1753 984 1793 non

115 1816 178 1870 tam
190 1814 325 1886 gravibus
340 1823 370 1876 et
382 1821 503 1887 severis,
524 1839 610 1896 quarn
623 1826 777 1886 concinnis
791 1834 821 1887 et
835 1833 984 1902 venustis3

114 1911 209 1986 qualis
226 1913 261 1970 ,in
286 1914 407 1972 historia
421 1917 572 1998 Timaeus,
593 1921 762 1982 indicendo
789 1931 895 1994 autem,
918 1947 986 2001 plac¹

114 2009 153 2067 ria
173 2010 268 2078 nobis,
295 2011 448 2068 Hierocles
477 2015 673 2086 Alabandeus,
699 2023 791 2094 magis
817 2024 906 2082 ctiam
924 2026 986 2084 Me·

98 2108 225 2178 Incolae,
239 2107 327 2166 irater
350 2109 419 2182 ejus,
443 2111 511 2168 luis:
533 2130 650 2186 quorum
671 2119 816 2194 utriusque
840 2123 985 2181 orationes

113 2210 181 2264 sunl
206 2206 239 2263 iu
265 2189 373 2280 primia,
400 2214 432 2266 nt
459 2211 602 2270 Asiatico
617 2212 647 2272 in
670 2233 787 2290 genere,
812 2223 981 2282 laudabiles.

114 2304 205 2364 Aliud
218 2311 313 2364 autern
327 2325 417 2380 genus
431 2314 474 2366 est
489 2327 548 2368 non
563 2316 621 2370 tarn
645 2317 798 2376 sententiis
817 2319 981 2396 frequenta-

112 2407 183 2472 turns,
197 2421 282 2478 quarn
296 2406 392 2464 verbis
408 2411 524 2466 volucre
537 2415 623 2486 atque
646 2413 816 2486 incitatarum
837 2421 914 2492 quali
937 2427 982 2479 est

112 2517 190 2560 nanc
200 2503 280 2562 ,Asia
293 2508 363 2573 toto,
373 2523 429 2563 nec
439 2506 556 2566 flumine
568 2513 659 2568 solum
669 2513 818 2583 orationis,
830 2517 881 2573 sed
892 2517 982 2577 etiam

113 2605 254 2663 exornato
279 2607 311 2659 et
336 2603 433 2660 laceto
458 2623 565 2678 genere
592 2611 767 2668 verborum:
787 2613 820 2670 in
846 2631 902 2688 quo
928 2615 982 2674 luit

113 2701 279 2774 Aeschylus
290 2701 423 2768 Cnidius,
433 2706 464 2760 et
477 2707 697 2780 meus'aequalis
710 2709 843 2768 Milesius
856 2713 980 2773 AescHi·

111 2815 173 2856 nes.
215 2801 250 2856 ln
264 2799 299 2856 iis
314 2804 376 2856 erat
388 2797 564 2858 admirabilis
584 2805 721 2862 orationis
745 2823 855 2876 cursus,
880 2815 982 2868 ornata

112 2897 320 2958 sententiarum
333 2898 517 2956 concinnitas
531 2915 589 2957 non
604 2906 675 2958 erat.
718 2903 802 2961 Haec
820 2911 917 2963 autem
936 2903 982 2984 (ut

50 2983 56 2996 ’
110 2994 188 3074 dixi)
200 3013 307 3072 genera
331 2997 449 3056 dicendi
474 2997 586 3071 aptiora
607 3003 674 3056 sunt
687 3001 934 3063 adolescentibus:
948 3007 979 3066 in

111 3096 227 3154 senibus
254 3095 429 3170 gravitatem
454 3113 514 3155 uon
529 3097 646 3156 babent.
688 3099 789 3174 ltaque
809 3101 978 3166 Hortensius

109 3198 229 3270 utroque
243 3211 349 3269 genere
362 3195 475 3266 florens,
488 3197 629 3266 clamores
652 3195 778 3256 faciebat
799 3201 976 3283 adolescens.

109 3293 247 3352 Habebat
266 3293 345 3350 enim
359 3298 388 3350 et
403 3291 581 3351 Meneclium
592 3295 663 3353 illud
677 3296 801 3354 studium
815 3301 976 3364 crebrarum

110 3375 351 3466 venustarumque
375 3392 597 3450 sententiarum:
617 3393 648 3452 in
673 3394 783 3470 quibus,
810 3402 841 3454 ut
868 3399 899 3456 in
923 3403 977 3460 illo

132 3545 160 3578 *²⁰
175 3545 301 3606 Primum]
333 3545 385 3594 Sine
400 3545 600 3596 dubiodebetesse
610 3548 713 3606 primum,
724 3563 754 3595 ac.
765 3563 865 3595 cansam:
880 3551 977 3596 maxime

108 3605 159 3710 {nia
165 3604 343 3722 ἐξιέυςιῖῐιιὲὶᾳωί.
374 3605 398 3653 ai
413 3605 514 3662 fimum
530 3607 658 3667 scripsisset,
673 3611 810 3668 sequeretur,
829 3619 902 3666 genus
921 3613 979 3676 errat,¹
