2460 4184
204 299 266 360 102
552 291 691 346 saurus,
1222 355 1223 360 η

200 439 314 498 dicere:
334 429 410 516 quod
429 459 488 501 non
512 443 554 502 ita
576 449 630 501 est.
649 444 709 514 alia
730 445 810 502 enim
829 443 865 502 de
887 441 940 504 illo
962 443 1078 520 majora
1222 405 1223 438 ¹

199 539 260 598 dici
282 535 410 614 possunt.
431 561 498 602 nam
520 561 575 600 nec
588 544 781 611 continentia,
803 561 858 602 nee
877 545 998 617 pietate,
1015 563 1076 602 nec

198 641 260 700 ullo
273 657 379 713 genere
400 641 516 698 virtutis
534 659 705 716 quemquam
726 644 856 716 ejusdem
876 643 980 700 aetatis
1004 658 1075 702 oum

148 739 471 811 79illocoulerendum
492 744 571 814 puto.
611 742 678 798 Nec
693 759 764 799 vero
778 741 822 798 Μ.
845 742 978 798 Coelium
993 759 1076 814 prae-
1149 761 1152 768 ·

199 841 369 896 tereuudum
382 839 511 908 arbitror,
526 857 721 915 quaecumque
741 841 803 914 ejus
817 840 849 898 in
860 839 941 896 exitu
955 843 1004 897 vel
1019 840 1075 897 ior·

200 942 280 1005 tuna,
301 941 350 994 vel
370 953 453 996 meus
474 939 543 996 luit:
564 939 614 1014 qui
634 938 769 1014 quamdiu
795 939 962 997 auctoritati
986 955 1073 996 meae

199 1037 303 1111 paruit,
314 1039 381 1095 talis
392 1039 522 1096 tribumrs
531 1039 624 1112 plebis
635 1039 697 1107 luit,
708 1042 740 1094 ut
750 1055 837 1095 nemo
846 1043 947 1095 contra
960 1037 1076 1094 civium

128 1202 130 1208 .
199 1139 375 1212 perditorum
389 1143 556 1212 popularem
578 1141 827 1212 turbulentamque
848 1137 1035 1206 dementiam,
1053 1155 1075 1194 a

198 1241 311 1303 senatu,
323 1243 352 1294 at
365 1255 383 1293 a
395 1239 535 1295 bonorum
549 1255 636 1295 causa
647 1237 759 1294 steterit
768 1235 963 1294 constantius:
985 1253 1075 1310 quam

198 1333 262 1406 ejus
275 1336 431 1402 actionem,
441 1339 563 1392 multum
576 1341 673 1393 tamen
688 1340 718 1390 et
727 1335 891 1408 splendida,
901 1339 931 1391 et
944 1334 1076 1408 grandis,

198 1437 230 1490 et
243 1433 346 1490 eadem
358 1433 490 1506 inprimis
504 1435 598 1490 saneta
619 1439 649 1490 et
668 1436 827 1506 perurbana
848 1435 1073 1491 commendabat

198 1530 300 1588 oratio.
342 1531 455 1589 Graves
470 1531 530 1606 ejus
544 1532 704 1589 conciones
718 1532 828 1606 aliquot
843 1533 967 1600 luerunt,
989 1547 1075 1590 acres

198 1631 400 1688 accusationes
425 1635 492 1698 tres,
506 1648 615 1705 eaeque
629 1647 740 1688 omnes.
753 1648 792 1687 ex
812 1631 989 1704 reipublicae
1003 1648 1073 1688 con·

198 1728 331 1786 tentione
349 1735 517 1803 susceptae:
537 1729 730 1796 detensiones,
754 1728 810 1785 etsi
823 1729 876 1786 illa
889 1733 972 1788 erant
985 1729 1018 1786 iu
1028 1747 1074 1786 eo

199 1829 328 1896 meliora,
341 1846 413 1904 quae
425 1827 496 1896 dixi,
508 1846 566 1885 nou
577 1828 810 1886 contemnendae
824 1831 934 1895 tamen,
942 1845 1073 1903 saneque

198 1927 374 1985 tolerabiles
429 1927 488 1984 llio
515 1943 582 1985 cum
611 1943 722 1984 summa
748 1928 900 1983 voluntate
927 1927 1072 1983 bonorum

198 2026 301 2086 aedilis
320 2028 426 2084 curulis
446 2027 539 2084 iactus
560 2031 645 2093 esset,
659 2025 761 2082 nescio
783 2025 925 2098 quomodo
938 2023 1072 2082 discessu

198 2140 265 2180 meo
289 2125 424 2180 discessit
447 2141 464 2178 a
498 2143 571 2190 sese,
597 2123 771 2196 ceciditque,
796 2127 990 2196 posteaquam·
1020 2137 1072 2180 eos

197 2218 306 2275 imitari
330 2220 436 2291 coepit,
464 2238 534 2292 quos
561 2219 623 2292 ipse
650 2225 839 2292 perverterat.
881 2221 941 2278 Sed
964 2221 1002 2276 de
1025 2221 1072 2278 Μ.

198 2316 316 2386 Calidio
336 2318 466 2374 dicamus
485 2317 602 2391 aliquid,
624 2317 750 2391 quinon
771 2317 827 2375 tuit
844 2323 940 2375 orator
959 2336 1035 2376 unus
1052 2337 1072 2376 e

197 2416 312 2474 mullis:
332 2416 427 2490 potius
445 2415 521 2472 inter
539 2419 642 2473 multos
655 2433 744 2489 prope
767 2415 920 2489 singularis
932 2416 1006 2474 luit:
1025 2417 1073 2475 ita
1167 2455 1170 2460 -

198 2514 363 2572 reconditas
373 2515 586 2588 exquisitasque
597 2513 755 2572 sententias
766 2514 862 2572 mollis
874 2519 904 2571 et
914 2517 1070 2588 pelluoens

197 2613 343 2670 vestiebat
353 2613 455 2668 oratio.
476 2611 549 2669 nihil
574 2617 633 2668 tam
647 2617 786 2681 tenerum,
800 2629 886 2688 quam
899 2612 979 2670 illius
990 2631 1070 2672 com·
1170 2645 1174 2654 ·

197 2711 352 2787 prehensio
365 2713 536 2770 verborum:
556 2711 629 2768 nibil
644 2715 703 2767 tam
727 2711 866 2780 flexibile,
885 2711 970 2780 nihil,
993 2713 1071 2788 quod

197 2812 290 2887 magis
317 2811 406 2886 ipsius
430 2809 548 2868 arbitrio
570 2811 733 2884 tingeretur,
757 2813 789 2866 ut
812 2809 919 2868 nullius
946 2811 1070 2868 oratmis

197 2927 289 2985 aeque
310 2910 341 2968 in
362 2913 505 2984 potestate
532 2909 633 2982 luerit:
653 2906 675 2938 ⁸²
694 2924 766 2983 quae
789 2907 912 2980 primum
929 2907 982 2969 ita,
999 2927 1070 2983 pura

196 3013 268 3074 erat,
280 3013 313 3065 ut
326 3008 399 3065 nihil
412 3006 564 3080 liquidius3
585 3006 626 3062 ita
644 3005 734 3062 libere
753 3005 868 3073 fluebat,
882 3011 1069 3081 utnusquam

196 3106 434 3162 adhaeresceret:
455 3105 574 3170 nullum,
585 3102 641 3159 nisi
653 3104 718 3160 loco
739 3103 872 3176 positum,
889 3109 920 3161 et
930 3109 1069 3179 tanquam

194 3203 228 3260 in
253 3201 444 3260 vermiculato
467 3203 651 3267 emblemate,
664 3204 697 3256 ut
714 3201 757 3258 ait
768 3201 908 3269 Lucilius,
927 3207 1069 3260 structum

196 3301 317 3358 verbum
344 3298 467 3360 ,videres
488 3315 545 3355 nec
570 3315 641 3355 vero
672 3299 762 3355 ullum
796 3303 846 3356 aut
875 3301 986 3369 durum,
1015 3302 1067 3358 aut

196 3398 334 3486 insolens,
355 3400 406 3452 aul
431 3395 549 3462 humile,
574 3400 621 3452 aut
650 3397 763 3471 longius
790 3398 924 3455 ductum:
945 3415 981 3456 oc
1006 3415 1066 3456 non

224 3537 248 3570 ar
257 3549 311 3596 qm
324 3533 424 3591 menum
440 3531 472 3578 ito
485 3545 545 3589 puro
555 3532 583 3593 e]
594 3545 648 3592 qaue
658 3531 698 3580 int.
709 3533 783 3580 oratio
790 3549 798 3593 ;
814 3547 881 3584 noue
891 3535 1002 3596 proximo,
1012 3549 1068 3584 tora-

210 3595 307 3646 rslsooio
319 3593 442 3642 uerborum.
