2444 4194
212 401 273 462 18⁰
569 393 710 443 oaauon

208 543 372 618 diligerem,
381 540 487 617 cuique
500 557 547 598 me
558 539 741 600 carissimum
755 555 821 596 esse
831 537 982 608 sentirem,
995 553 1083 611 prae-

211 641 311 700 sertim
329 645 359 698 et
374 640 455 714 justa
468 639 589 713 petenti,
608 643 639 695 et
652 636 960 711 praeclaracupienti,
982 637 1082 694 durum

212 741 365 798 admodum
383 737 455 796 mihi
478 729 655 795 videbatur?
667 742 697 795 et
720 736 866 809 suscipere
887 740 1000 794 tantam
1014 751 1084 803 rem,

213 843 349 914 quantam
363 853 421 894 non
436 836 524 896 modo
540 836 678 893 facultate
700 835 839 909 consequi
858 833 981 892 difficile
1000 837 1087 902 esset,

213 938 265 994 sed
279 934 366 992 etiam
379 934 559 1010 cogitatione
581 933 754 1007 complecti;
776 932 830 990 vix
849 931 1010 990 arbitrabar
1023 949 1086 988 esse

158 1051 160 1058 ’
213 1034 285 1110 ejus,
305 1033 354 1108 qui
375 1023 527 1098 sereretur,
549 1032 804 1106 reprehensionem
825 1032 977 1090 doctorum
999 1035 1087 1104 atque

214 1131 408 1206 prudentium.
451 1131 529 1203 Quid
547 1130 626 1188 enim
640 1136 685 1188 est
696 1131 796 1204 mqjus,
815 1147 993 1205 quemdum
1006 1133 1087 1187 tunm

214 1231 254 1290 sit
266 1232 343 1289 inter
362 1235 489 1288 oratores
510 1231 603 1288 bonos
619 1229 832 1296 dissimilitudo,
849 1229 995 1302 judicare,
1017 1244 1088 1308 quae

214 1329 252 1385 sil
266 1329 376 1401 optima
389 1329 512 1401 species,
525 1332 555 1384 et
568 1329 650 1402 quasi
659 1329 749 1401 figura
758 1323 901 1386 dicendi?
921 1327 1010 1398 Quod
1022 1342 1088 1400 quo·

137 1425 142 1446 ¹
214 1425 294 1482 niam
308 1443 355 1482 me
369 1425 484 1498 saepius
498 1442 590 1498 rogas,
600 1425 760 1498 aggrediar,
773 1443 833 1484 nou
843 1431 903 1482 tem
916 1423 1088 1498 perficiendi

216 1541 277 1598 spe,
298 1539 384 1598 quam
405 1521 577 1596 experiundi
601 1525 763 1581 voluntate.
805 1524 888 1582 Malo
907 1523 998 1591 enim,
1022 1539 1088 1580 cum

216 1621 312 1679 studio
334 1626 385 1679 tuo
405 1621 460 1679 sim
478 1623 642 1688 obsecutus,
655 1622 813 1678 desiderari
826 1625 847 1678 a'
858 1627 887 1678 te
905 1621 1088 1695 pmdentiam

218 1737 323 1788 meam,
357 1735 452 1794 quam,
489 1719 515 1778 si
541 1719 572 1776 id
599 1735 658 1778 non
685 1720 813 1788 fecerim,
846 1719 1087 1778 benivolentiam.

221 1817 343 1893 Quaeris
357 1817 457 1894 igitur„
477 1818 563 1893 idque
580 1818 644 1890 jam
658 1818 782 1892 saepius,
806 1816 882 1894 quod
904 1818 1088 1894 eloquentiae

221 1935 311 1994 genus
332 1919 451 1992 probem
471 1916 609 1984 maxime,
634 1921 665 1973 et
678 1919 761 1992 quale
776 1916 848 1974 mihi
861 1915 995 1974 videatur
1008 1916 1089 1985 illud,

222 2017 271 2075 oui
284 2017 359 2074 nihil
372 2017 440 2073 addi
454 2015 553 2090 possit,
566 2016 642 2090 quod
656 2033 711 2090 ego
724 2031 864 2073 summum
874 2019 905 2072 et
917 2015 1090 2088 perfectissi-

221 2133 301 2172 mum
313 2115 455 2187 judicem.
496 2115 531 2172 ln
553 2131 609 2187 quo
628 2130 740 2180 vereor,
756 2133 810 2190 vne,
831 2113 856 2171 si
876 2112 917 2180 id,
943 2115 1020 2187 quod
1035 2114 1089 2180 vis,

222 2212 355 2277 effecero,
369 2228 490 2284 eumque
503 2216 653 2278 oratorem,
668 2229 752 2286 quem
770 2211 891 2286 quaeris,
911 2229 1089 2284 expressero,

222 2309 333 2364 tantem
353 2307 448 2363 studia
471 2307 632 2375 multorum,
655 2310 705 2382 qui
724 2309 925 2383 desperatione
938 2309 1092 2378 debilitati,
1142 2363 1146 2372 ,
1208 2339 1209 2352 2

221 2403 366 2478 ‘experiri
379 2403 482 2472 nolint,
496 2407 571 2478 quod
585 2424 616 2462 se
630 2408 744 2482 assequi
757 2425 841 2481 posse
854 2407 995 2464 diffidant.
1031 2409 1091 2466 Sed

223 2522 275 2579 par
289 2509 333 2562 est
346 2503 447 2562 omnes
460 2504 558 2562 omnia
572 2505 706 2578 experiri,
721 2506 769 2579 qui
780 2524 825 2563 res
839 2522 957 2579 magnas
971 2510 1002 2562 et
1015 2515 1091 2580 mag·
1208 2497 1209 2560 ἶ

224 2620 263 2662 no
283 2621 371 2676 opere
395 2604 572 2676 expetendas
595 2593 834 2676 concupiverunt
877 2605 987 2676 Quodsi
1008 2621 1093 2680 quem

224 2706 274 2760 aut
287 2706 388 2760 natura
402 2717 463 2768 sua,
486 2705 536 2759 aut
556 2701 610 2760 illa
631 2701 803 2774 praestantis
826 2702 938 2778 ingenii
959 2703 1007 2760 vis
1020 2705 1091 2760 lorle

224 2800 350 2868 deliciet,
364 2799 522 2858 autminus
541 2799 696 2857 instructus
718 2799 773 2857 erit
795 2817 964 2875 magnarum
987 2801 1092 2858 artim

224 2898 403 2972 disciplinis:
424 2902 523 2957 teneat
542 2902 641 2956 tamen
653 2915 718 2955 eum
732 2914 855 2966 cursum,
877 2917 963 2974 quem
976 2899 1092 2974 poterit.

225 2996 324 3054 Prima
348 2997 428 3054 enim
451 3000 630 3070 sequentem,
657 2996 809 3053 honestum
830 3003 875 3055 est
901 2999 934 3057 iu
956 2998 1092 3059 secundis

225 3089 372 3166 tertiisque
390 3094 561 3151 consistere.
603 3095 681 3152 Nam
706 3093 738 3150 in
761 3094 866 3168 po'e‘tis,
890 3113 950 3154 non
965 3097 1092 3154 Homem

220 3189 280 3246 ‘soli
292 3190 373 3246 locus
386 3194 430 3246 est
443 3187 488 3266 (ut
501 3191 538 3247 de
554 3190 676 3248 Graecis
698 3190 809 3270 loquar)
833 3199 882 3250 aut
903 3195 1093 3261 Archilocho,

226 3289 275 3343 aut
291 3286 439 3356 Sophocli,
460 3293 509 3345 ant
534 3287 676 3345 Pindaro:
697 3291 749 3346 sed
773 3291 873 3348 horum
887 3295 936 3348 vel
950 3293 1094 3360 secundis,

227 3380 378 3462 ueletiam
391 3379 467 3440 infra
490 3385 641 3440 secundos.
682 3387 710 3444 N
713 3405 748 3446 eo
770 3406 842 3446 vero
860 3389 1050 3448 Aristotelem
1063 3391 1094 3448 in

257 3537 266 3570 ἱ
281 3535 379 3594 experiri
387 3535 480 3596 mod]
511 3533 591 3582 Delevi
600 3536 633 3592 ἦ,
648 3538 707 3598 quod
719 3540 748 3586 ab
764 3540 826 3588 Aldo
835 3546 859 3588 et
867 3541 931 3588 lunt,
941 3541 1043 3589 addilum
1053 3543 1093 3588 at

228 3596 308 3644 Putaui
317 3594 386 3641 etiam
393 3594 471 3644 melius
480 3609 527 3644 esse
535 3586 621 3656 ruffi
631 3609 698 3657 quam
708 3600 790 3650 mma
821 3601 882 3649 ma
891 3614 946 3648 vcro
961 3599 994 3647 sic
1007 3601 1054 3650 Me.
1065 3598 1095 3662 V,

228 3654 304 3716 iisque
314 3653 398 3716 recepi.
