2444 4192
212 371 274 432 233
430 361 622 412 ortamltlass
636 357 861 412 Palt’rlllorlba.

211 518 264 570 tur.
306 511 355 579 lit,
368 509 504 585 quoniam
522 508 633 568 ³lubio
645 512 742 568 causis
764 510 858 568 omnis
872 507 946 565 ratio
965 509 1028 566 lere
1042 509 1079 566 ad

210 613 389 684 voluptatem
416 609 554 668 auditoris
576 613 607 666 et
630 609 667 666 ad
693 607 923 666 delectationem
950 607 1082 674 referunt,

209 710 348 767 utendum
371 707 427 766 erit
445 707 491 774 iis,
511 707 543 764 ln
564 706 705 775 oratione,
726 705 902 780 siugulomm
926 706 1082 764 verborum

209 807 379 882 insignibus,
392 822 465 880 quae
478 806 588 863 babent
601 805 752 878 plurimum
766 804 937 861 suavitatis:
962 801 1013 861 ‘id
1027 808 1081 870 est,

209 911 242 964 ut
254 907 337 964 luctis
352 903 460 971 verbis,
473 907 523 962 aut
543 903 675 972 vetustis,
688 906 738 960 aut
751 902 898 960 translatis
914 902 1082 978 frequenter

208 1010 330 1072 utnmnn
343 1007 374 1062 et
386 1003 419 1062 in
445 1002 508 1077 ipsa
531 1002 745 1061 constructione
760 1002 922 1068 verborum,
945 1005 980 1057 ut
1000 1000 1081 1073 paris

209 1104 334 1178 paribus,
347 1107 378 1160 ct
391 1101 499 1160 similia
512 1101 653 1158 similibus
667 1117 755 1173 saepe
769 1098 948 1170 referantur:
971 1103 1004 1156 ut
1013 1115 1080 1156 oon·
1141 1165 1144 1174 ,

211 1203 306 1270 traria,
316 1206 347 1260 ut
361 1200 517 1275 geminata,
530 1204 563 1256 ut
573 1197 791 1272 circumscripta
803 1213 967 1264 numerose,
976 1215 1036 1255 non
1044 1197 1079 1254 ad

210 1299 431 1358 similitudinem
458 1313 602 1364 versuum,
628 1298 681 1354 sed
706 1298 743 1352 ad
770 1296 946 1368 explendum
971 1276 1080 1353 ebrium

209 1415 336 1463 sensum,
355 1396 445 1470 ⁵apto
458 1397 581 1470 quodam
603 1395 684 1470 quasi
706 1396 857 1452 verborum
881 1394 979 1450 modo.
1022 1395 1079 1451 Ad·

210 1495 390 1567 bibendaque
415 1493 592 1567 frequentius
616 1493 705 1550 etiam
725 1493 776 1550 illa
795 1499 966 1550 ornamenta
986 1508 1078 1548 rerum

210 1597 286 1662 sunt,
296 1592 360 1650 aive
371 1609 444 1666 quae
458 1590 639 1648 admirabilia
652 1594 682 1646 et
702 1608 762 1648 uec
771 1591 900 1664 opinata,
913 1590 978 1646 sive
992 1590 1079 1662 signi·

210 1694 297 1752 ficeta
310 1691 453 1759 monstris,
466 1689 613 1764 prodigiis,
624 1693 654 1746 et
667 1691 807 1746 oraculis:
829 1689 894 1746 sive
906 1705 978 1763 quac
997 1688 1079 1744 vidc-

211 1795 316 1852 buutur
329 1793 367 1861 ei,
381 1792 418 1847 de
432 1808 488 1865 quo
501 1789 621 1864 αςὶηιιιε,
636 1788 778 1846 accidisse
788 1787 893 1844 divina
903 1792 985 1860 atquc
1005 1784 1077 1842 lata·

211 1892 260 1948 lia.
303 1889 496 1948 Omnisenim
520 1887 701 1961 exspectatio
721 1887 791 1959 qius,
806 1886 854 1961 qui
875 1886 964 1952 audit,
976 1889 1007 1942 et
1029 1885 1078 1942 ad-

211 1989 338 2058 miratio,
348 1993 377 2046 et
398 1984 548 2060 improvisi
574 1985 679 2053 exitus,
693 1986 802 2042 habent
815 1984 940 2058 aliquam
953 1984 985 2040 in
999 1983 1076 2042 audi·

158 2105 199 2161 22
211 2089 286 2145 endo
308 2090 494 2160 voluptatem.
541 2085 599 2140 Sed
620 2083 755 2157 quoniam
769 2083 800 2140 in
825 2082 914 2142 tribus
927 2082 1080 2156 generibus

211 2188 287 2244 bona
306 2188 421 2242 malave
443 2188 606 2250 versantur,
630 2180 918 2254 externis-corporis,
932 2186 963 2237 ct
975 2181 1079 2250 animi3

102 2267 103 2270 ¹
209 2279 319 2354 ⁶primc
342 2287 408 2338 sunt
432 2287 563 2347 externa,
585 2297 659 2352 quae
682 2281 825 2336 ducuntur
843 2297 1001 2352 agenere:
1022 2297 1076 2355 quo

210 2380 337 2439 breviter
351 2379 520 2456 modiceque
534 2380 659 2446 laudato,
673 2383 731 2445 aut,
752 2379 779 2436 si
792 2378 847 2436 erit
861 2377 980 2446 insama,
1000 2395 1077 2451 prae·

204 2479 357 2550 ,termiss03
372 2480 399 2538 si
412 2479 530 2544 humile,
540 2479 589 2535 vel
604 2476 768 2549 praeterito,
782 2478 830 2532 vel
851 2474 908 2532 'ad
917 2478 1079 2550 augendam

209 2577 280 2656 ejus,
294 2577 502 2653 quemlaudes,
525 2575 656 2650 gloriam,
681 2579 791 2643 tracto;
811 2574 963 2647 deinceps,
985 2573 1012 2631 si
1031 2591 1077 2632 res

99 2775 106 2782 .
237 2732 289 2779 ³iu
298 2731 333 2778 lu's
343 2731 414 2778 causti
423 2729 494 2776 omnis
503 2729 642 2834 ww*
654 2729 684 2776 V.
694 2729 729 2774 ed.
737 2728 794 2775 ven.
803 2726 878 2773 cratia
909 2727 1077 2786 Vulgatumve·

98 2829 104 2838 .
208 2806 258 2840 ram
267 2795 308 2838 cst.
339 2790 398 2838 Mox
407 2788 487 2835 rectius
496 2790 555 2834 soret
592 2789 670 2834 dmm:
684 2791 752 2848 atqua
767 2785 801 2832 ita
819 2786 948 2835 Ciceronem
965 2785 1076 2848 meipsius

208 2867 269 2924 puto.
301 2860 327 2908 In
340 2859 392 2906 edd.
402 2873 436 2920 pr.
448 2863 482 2906 est
490 2849 538 2915 hut,
549 2859 607 2919 quod
615 2864 710 2920 utroque
717 2858 784 2904 modo
791 2857 836 2916 legi
842 2861 924 2918 potest.

236 2939 248 2972 ⁴
260 2941 278 2986 ι’.
290 2953 307 2986 e.
319 2938 416 2994 also-tls
429 2937 573 2998 amblacio]
604 2935 657 2982 Non
666 2935 719 2982 satis
728 2935 803 2982 oratio
812 2935 853 2981 sibi
869 2935 970 2982 omnibus
979 2935 1077 2996 partibrn

207 2999 338 3058 respondet:
355 2997 484 3044 uthoonoo
495 2996 548 3044 satis
574 2995 814 3042 raecedentiutmdsm
823 2994 872 3040 uit.
898 2994 1072 3051 meacasbls

206 3055 236 3101 V.
248 3069 320 3101 rursus
331 3054 471 3111 habetjictis.
501 3055 546 3119 lid.
581 3069 615 3100 en.
626 3052 692 3110 infit,
703 3053 748 3109 sis.
759 3067 779 3099 o.
789 3053 847 3114 quod
855 3053 937 3114 placet.

235 3133 246 3164 ⁵
259 3137 307 3187 spu
316 3133 410 3191 mudum
418 3133 481 3191 qrwsi
499 3133 617 3179 nodorum
626 3131 704 3190 niodo]
722 3132 763 3178 Est
778 3146 844 3203 genos
853 3133 864 3176 l
902 3145 956 3178 uena
972 3131 1074 3178 ciceroni

206 3189 319 3235 inhaere.
339 3191 461 3248 quomagis
478 3192 553 3246 miror,
570 3189 700 3238 lnsmbioum
717 3205 835 3237 corrensse
911 3225 917 3234 ,
948 3190 1009 3236 Mox
1024 3193 1078 3237 mut

206 3246 269 3291 abest
278 3246 313 3290 ed.
321 3245 350 3291 V.
383 3247 470 3294 Eadem
479 3253 529 3310 post
539 3268 545 3294 ε
561 3248 659 3294 audine
668 3246 753 3294 uum.
764 3254 881 3310 utnrmque
889 3247 954 3294 benc.

233 3322 384 3380 ‘privarunt
390 3326 498 3384 cetum]
509 3325 557 3372 Ms.
566 3325 595 3371 V.
605 3323 724 3370 nonhabet
734 3331 839 3374 cntem-
848 3333 872 3373 et
881 3326 960 3373 melius
968 3325 1072 3374 abluerit.

206 3462 211 3472 Ι
234 3403 246 3437 '¹
260 3401 290 3448 cd
298 3399 424 3468 augeam·
432 3400 488 3458 ejus,
495 3415 558 3504 ῒιιιι
565 3402 648 3458 hudo,
654 3403 750 3460 gloriam
760 3406 832 3466 luem]
848 3405 954 3459 Primum,
962 3403 1075 3451 latinitate

201 3462 303 3520 Jobente,
313 3472 398 3505 correxi
407 3457 489 3504 dudum
515 3459 576 3528 'udo
584 3475 631 3529 pro
646 3461 732 3508 leudos
763 3464 800 3511 Sic
809 3463 890 3511 deinde
898 3463 972 3524 reperi
987 3463 1011 3509 in
1025 3463 1074 3512 Me.

206 3521 233 3568 d.
245 3529 269 3568 ot
278 3520 313 3566 ed.
322 3517 381 3566 Veo.
411 3516 481 3564 Junla
490 3521 558 3564 mam
569 3519 832 3570 camaracenorum
849 3523 967 3582 oredopro
982 3523 1076 3568 metele-

226 3583 300 3628 eodum
315 3582 389 3625 troam
423 3575 518 3639 Decepit
527 3577 634 3634 bomines,
642 3580 701 3641 quod
711 3581 895 3628 antedictumest
909 3595 978 3640 genus
987 3580 1072 3628 hunsse

225 3636 325 3692 aeterni
342 3635 431 3695 dabam,
439 3639 589 3699 putaruntque
604 3637 683 3688 dixisse
697 3638 835 3698 Ciceronem,
845 3639 864 3688 si
873 3644 948 3687 omen
958 3639 988 3686 de
1002 3637 1073 3718 todi
