2444 4192
222 395 285 455 Μ
456 385 647 438 omanorum
660 385 884 437 enormiorem.

219 538 299 596 satio
312 532 432 594 sumitur
455 535 564 594 eisdem
584 554 623 594 ex
644 533 717 594 loeis
739 529 879 603 omnibus,
905 521 1010 610 quibus
1031 535 1093 604 illa,

220 653 294 712 quae
314 637 394 693 diota
415 642 481 693 sunt
502 636 539 693 ad
565 635 668 693 tidem:
698 634 880 709 maximeque
903 632 1093 692 definitiones

117 759 126 776 ·
220 737 321 793 valent
335 735 535 808 conglobatae,
548 740 579 792 et
591 733 829 808 consequentium
841 733 1046 809 frequentatio,
1060 739 1093 790 et

219 833 434 900 oontrariarum,
448 838 479 890 et
491 831 682 900 dissimilium,
707 834 737 888 et
755 831 833 888 inter
852 849 883 888 se
897 833 1092 906 pugnantium

154 945 158 954 ’
219 949 312 990 rerum
325 931 490 989 eondietio:
513 936 543 987 et
556 948 671 998 causae,
693 935 723 987 et
736 946 780 997 ea,
803 948 877 1003 quae
891 936 960 986 sunt
974 931 1012 987 de
1027 948 1094 988 eau-

218 1031 258 1089 sls
272 1035 343 1098 orta,
360 1029 543 1104 maximeque
567 1027 770 1087 similitudines
784 1033 813 1085 et
827 1030 984 1101 exempla:
1005 1030 1092 1088 fletae

219 1129 307 1187 etiam
318 1145 477 1202 personae:
496 1133 577 1186 muta
590 1128 715 1202 denique
730 1129 890 1201 loquantur,
912 1127 1091 1202 omninoque

218 1243 253 1284 ea
267 1231 334 1285 sunt
347 1205 520 1293 adhiben‘da,
544 1224 570 1283 si
583 1242 671 1284 eausa
686 1225 800 1298 patitur,
822 1243 896 1298 quae
921 1243 1029 1299 magna
1042 1228 1090 1283 ha·

217 1326 339 1382 bentur:
360 1342 479 1399 quorum
493 1311 655 1397 est'duplex
667 1341 766 1397 genus.
809 1324 878 1380 Alia
891 1323 971 1380 enim
984 1324 1005 1355 ⁸⁴
1014 1343 1089 1400 mag·

216 1437 255 1479 na
270 1422 372 1479 naturd
396 1423 541 1489 videntur,
556 1423 613 1478 alia
628 1409 698 1478 usu:
721 1426 830 1488 natum,
843 1429 875 1478 ut
895 1424 1048 1491 eoelestia,
1057 1429 1091 1480 ut

216 1520 326 1586 divina,
350 1523 383 1576 ut
401 1536 445 1585 ea,
467 1536 584 1592 quorum
598 1521 738 1576 obscurae
751 1538 865 1588 causae,
889 1525 930 1588 ut,
952 1522 1088 1579 interris

217 1619 380 1693 mundoque
404 1617 584 1674 admirabilia
607 1635 680 1690 quae
703 1623 786 1675 sunt:
811 1620 963 1693 exquibus
988 1620 1089 1677 simili·

217 1718 334 1790 busque,
343 1718 369 1774 si
383 1717 525 1782 attendas,
536 1717 572 1772 ad
586 1717 747 1790 augendum
761 1719 903 1790 permulta
913 1721 1085 1790 suppetunt:

217 1832 279 1882 usu,
293 1833 366 1890 quae
381 1815 517 1872 videntur
530 1814 693 1872 hominibus
707 1821 757 1872 aut
771 1817 906 1889 prodesse
920 1821 967 1872 aut
979 1817 1085 1872 obesse

216 1913 437 1970 vehementius:
458 1929 577 1987 quorum
591 1919 657 1969 sunt
671 1928 778 1986 genera
799 1916 835 1970 ad
850 1915 1087 1987 amplificandum

216 2011 280 2069 tria.
322 2012 399 2069 Nam
409 2017 458 2068 aut
469 2011 591 2069 oaritate
602 2016 754 2068 moventur
762 2013 904 2081 borsines,
912 2017 944 2070 ut
957 2014 1084 2080 deorum,

215 2114 247 2166 ut
260 2109 381 2182 patriae,
405 2115 436 2166 nt
460 2116 625 2182 parentum:
647 2115 696 2166 aut
717 2127 823 2177 amore,
844 2115 877 2168 ut
900 2112 1029 2178 fratrum,
1055 2114 1086 2168 ut

101 2280 102 2283 Ἴ
214 2208 380 2278 conjugum,
391 2213 423 2263 ut
434 2207 596 2274 liberorum,
605 2213 635 2264 ut
644 2209 843 2267 familiarium:
865 2214 913 2265 aut
925 2211 1084 2277 honestate,

213 2307 245 2357 ut
256 2301 402 2368 virtutum,
412 2303 593 2376 maximeque
601 2321 711 2373 earum,
719 2324 793 2380 quae
804 2309 839 2363 ad
850 2309 1083 2365 communionem

213 2395 362 2454 hominum
376 2405 405 2458 et
420 2397 624 2458 liberalitatem
644 2404 755 2461 valent.
796 2406 844 2462 Ex
858 2404 895 2462 iis
909 2411 941 2462 et
954 2408 1083 2464 cohorta-

214 2495 307 2554 tiones
327 2502 476 2555 sumuntur
490 2499 527 2556 ad
541 2517 577 2557 ea
590 2500 763 2562 retinenda:
783 2507 815 2560 et
830 2503 861 2560 in
875 2519 935 2572 eos,
949 2521 967 2560 a
981 2506 1081 2579 quibus

213 2612 249 2652 es
262 2595 373 2653 violata
394 2601 469 2666 sunt,
483 2597 552 2654 odia
562 2597 729 2667 incitantur,
744 2607 774 2658 et
787 2600 935 2660 miseratio
948 2604 1084 2661 nascitur.

162 2707 199 2770 Π
211 2693 232 2725 ⁸⁶
243 2693 378 2767 Proprius
386 2698 467 2780 loeus
479 2703 527 2754 est
541 2699 674 2773 augendi,
695 2701 726 2757 in
740 2701 786 2759 his
799 2703 883 2760 rebus
895 2707 945 2759 sot
959 2703 1083 2770 arnissis,

212 2796 261 2850 aut
285 2792 438 2851 amittendi
452 2795 590 2869 periculo.
632 2797 715 2855 Nihil
733 2804 778 2856 est
799 2801 878 2858 enim
893 2805 953 2858 tam
967 2802 1083 2860 misera·

211 2892 279 2960 bile,
305 2909 390 2968 qnam
413 2912 451 2952 ex
473 2895 560 2953 beato
574 2896 668 2953 miser.
710 2897 750 2955 Et
773 2899 828 2955 hoe
851 2903 943 2956 totum
966 2900 1083 2974 quidem

211 2996 337 3059 moveat,
350 2989 371 3024 ⁸⁶
381 2991 408 3049 si
420 2993 496 3050 bona
507 3011 545 3051 ex
558 2994 671 3052 fortuna
685 2995 747 3070 quis
761 2997 861 3054 eadat:
883 3002 950 3064 et,a
964 3015 1083 3072 quorum

210 3087 331 3145 caritate
354 3089 531 3149 divellatur:
559 3109 632 3167 quae
661 3093 784 3161 amittat,
807 3100 857 3152 aut
879 3095 1030 3153 amiserit:
1051 3095 1082 3152 in

160 3251 164 3261 ἱ
210 3183 310 3256 quihus
324 3186 408 3242 malis
429 3188 475 3257 sit,
498 3189 647 3246 futurusve
668 3190 716 3258 sit,
744 3193 919 3266 exprimatur
942 3194 1082 3250 lireviter.

210 3277 279 3335 cito
293 3279 371 3334 enim
383 3285 489 3342 arescit
502 3287 639 3359 lacryma,
651 3290 819 3359 praesertim
827 3290 858 3349 in
869 3290 974 3348 alienis
985 3291 1080 3348 malis.

209 3391 265 3434 neo
279 3373 432 3450 quidquam
455 3380 487 3436 in
506 3383 731 3454 amplificatione
755 3387 841 3446 nimis
866 3390 1080 3447 enucleandum

236 3529 260 3564 ⁸⁴
276 3531 466 3593 augmentare]
497 3531 544 3580 Ma
557 3533 585 3582 Β.
596 3538 774 3598 ooturdorngrm.
791 3541 875 3588 melius.

238 3608 260 3641 ⁸⁵
275 3609 386 3668 Proprius
396 3611 455 3658 loom
464 3612 511 3673 est]
542 3613 627 3662 Addidi
637 3621 667 3664 est
675 3631 703 3664 ex
711 3619 746 3664 ed.
757 3619 815 3666 Ven.

235 3686 259 3720 ⁸⁰
273 3689 294 3735 si
303 3690 358 3738 lom
367 3691 512 3757 safarim]
543 3694 591 3744 Ma.
602 3695 632 3744 V.
643 3711 687 3745 non
697 3697 766 3746 habet
775 3713 802 3745 ea
811 3711 864 3746 ars.
875 3709 908 3759 pr.
