<?xml version="1.0" encoding="UTF-8"?>
<!DOCTYPE html PUBLIC "-//W3C//DTD XHTML 1.0 Transitional//EN"
    "http://www.w3.org/TR/xhtml1/DTD/xhtml1-transitional.dtd">
<html xmlns="http://www.w3.org/1999/xhtml" xml:lang="en" lang="en">
 <head>
  <title>
</title>
<meta http-equiv="Content-Type" content="text/html;charset=utf-8" />
  <meta name='ocr-system' content='tesseract 3.04.00' />
  <meta name='ocr-capabilities' content='ocr_page ocr_carea ocr_par ocr_line ocrx_word'/>
</head>
<body>
  <div class='ocr_page' id='page_1' title='image "./mtvlliiciceroni09cicegoog/mtvlliiciceroni09cicegoog_0061.png"; bbox 0 0 2474 4188; ppageno 0'>
   <div class='ocr_carea' id='block_1_1' title="bbox 214 285 720 361">
    <p class='ocr_par' dir='ltr' id='par_1_1' title="bbox 214 285 720 361">
     <span class='ocr_line' id='line_1_1' title="bbox 214 285 720 361; baseline 0.002 -24"><span class='ocrx_word' id='word_1_1' title='bbox 214 297 257 361; x_wconf 69' lang='lat'>30</span> <span class='ocrx_word' id='word_1_2' title='bbox 586 285 720 340; x_wconf 73' lang='lat' dir='ltr'>anuum.</span> 
     </span>
    </p>
   </div>
   <div class='ocr_carea' id='block_1_2' title="bbox 176 437 1085 3180">
    <p class='ocr_par' dir='ltr' id='par_1_2' title="bbox 176 437 1085 3180">
     <span class='ocr_line' id='line_1_2' title="bbox 212 437 1084 510; baseline -0.006 -12"><span class='ocrx_word' id='word_1_3' title='bbox 212 444 261 498; x_wconf 71' lang='lat' dir='ltr'>baa</span> <span class='ocrx_word' id='word_1_4' title='bbox 284 438 408 509; x_wconf 73' lang='lat' dir='ltr'>litterae,</span> <span class='ocrx_word' id='word_1_5' title='bbox 431 453 541 498; x_wconf 74' lang='lat' dir='ltr'>summa</span> <span class='ocrx_word' id='word_1_6' title='bbox 555 454 614 495; x_wconf 93' lang='lat' dir='ltr'>non</span> <span class='ocrx_word' id='word_1_7' title='bbox 628 437 709 494; x_wconf 84' lang='lat' dir='ltr'>vitae</span> <span class='ocrx_word' id='word_1_8' title='bbox 732 437 834 504; x_wconf 76' lang='lat' dir='ltr'>colum,</span> <span class='ocrx_word' id='word_1_9' title='bbox 853 438 940 510; x_wconf 85' lang='lat' dir='ltr'>atqua</span> <span class='ocrx_word' id='word_1_10' title='bbox 952 438 1084 504; x_wconf 78' lang='lat' dir='ltr'>naturae,</span> 
     </span>
     <span class='ocr_line' id='line_1_3' title="bbox 213 534 1082 610; baseline -0.005 -14"><span class='ocrx_word' id='word_1_11' title='bbox 213 540 266 596; x_wconf 83' lang='lat' dir='ltr'>aed</span> <span class='ocrx_word' id='word_1_12' title='bbox 278 537 417 596; x_wconf 74' lang='lat' dir='ltr'>orationis</span> <span class='ocrx_word' id='word_1_13' title='bbox 429 538 517 595; x_wconf 84' lang='lat' dir='ltr'>etiam</span> <span class='ocrx_word' id='word_1_14' title='bbox 531 535 662 604; x_wconf 76' lang='lat' dir='ltr'>comitas,</span> <span class='ocrx_word' id='word_1_15' title='bbox 675 534 840 609; x_wconf 85' lang='lat' dir='ltr'>incorrupta</span> <span class='ocrx_word' id='word_1_16' title='bbox 850 535 992 610; x_wconf 83' lang='lat' dir='ltr'>quaedum</span> <span class='ocrx_word' id='word_1_17' title='bbox 1001 534 1082 592; x_wconf 80' lang='lat' dir='ltr'>Loti-</span> 
     </span>
     <span class='ocr_line' id='line_1_4' title="bbox 213 633 1082 712; baseline -0.007 -16"><span class='ocrx_word' id='word_1_18' title='bbox 213 637 397 696; x_wconf 76' lang='lat' dir='ltr'>niaermonia</span> <span class='ocrx_word' id='word_1_19' title='bbox 410 634 575 712; x_wconf 73' lang='lat' dir='ltr'>integritas:</span> <span class='ocrx_word' id='word_1_20' title='bbox 596 651 670 708; x_wconf 86' lang='lat' dir='ltr'>quaa</span> <span class='ocrx_word' id='word_1_21' title='bbox 696 633 822 708; x_wconf 76' lang='lat' dir='ltr'>perspici</span> <span class='ocrx_word' id='word_1_22' title='bbox 850 651 967 692; x_wconf 74' lang='lat' dir='ltr'>cuman</span> <span class='ocrx_word' id='word_1_23' title='bbox 979 633 1082 690; x_wconf 90' lang='lat' dir='ltr'>oratio·</span> 
     </span>
     <span class='ocr_line' id='line_1_5' title="bbox 212 732 1082 810; baseline -0.007 -16"><span class='ocrx_word' id='word_1_24' title='bbox 212 735 297 794; x_wconf 71' lang='lat' dir='ltr'>uibus</span> <span class='ocrx_word' id='word_1_25' title='bbox 311 737 372 810; x_wconf 75' lang='lat' dir='ltr'>ejas</span> <span class='ocrx_word' id='word_1_26' title='bbox 386 740 489 810; x_wconf 75' lang='lat' dir='ltr'>potest,</span> <span class='ocrx_word' id='word_1_27' title='bbox 515 739 577 792; x_wconf 91' lang='lat' dir='ltr'>tum</span> <span class='ocrx_word' id='word_1_28' title='bbox 590 733 729 792; x_wconf 78' lang='lat' dir='ltr'><strong>facillime</strong></span> <span class='ocrx_word' id='word_1_29' title='bbox 741 732 785 790; x_wconf 81' lang='lat' dir='ltr'>ex&#39;</span> <span class='ocrx_word' id='word_1_30' title='bbox 794 749 830 790; x_wconf 85' lang='lat' dir='ltr'>ao</span> <span class='ocrx_word' id='word_1_31' title='bbox 849 732 931 800; x_wconf 93' lang='lat' dir='ltr'>libro,</span> <span class='ocrx_word' id='word_1_32' title='bbox 944 749 1031 806; x_wconf 82' lang='lat' dir='ltr'>quem</span> <span class='ocrx_word' id='word_1_33' title='bbox 1044 733 1082 788; x_wconf 82' lang='lat' dir='ltr'>dc</span> 
     </span>
     <span class='ocr_line' id='line_1_6' title="bbox 213 830 1084 908; baseline -0.008 -15"><span class='ocrx_word' id='word_1_34' title='bbox 213 837 373 902; x_wconf 77' lang='lat' dir='ltr'>consulatu,</span> <span class='ocrx_word' id='word_1_35' title='bbox 386 839 417 894; x_wconf 84' lang='lat' dir='ltr'>et</span> <span class='ocrx_word' id='word_1_36' title='bbox 429 836 466 892; x_wconf 83' lang='lat' dir='ltr'>da</span> <span class='ocrx_word' id='word_1_37' title='bbox 478 835 562 892; x_wconf 80' lang='lat' dir='ltr'>rebus</span> <span class='ocrx_word' id='word_1_38' title='bbox 573 830 662 908; x_wconf 78' lang='lat' dir='ltr'>gestis</span> <span class='ocrx_word' id='word_1_39' title='bbox 676 831 734 888; x_wconf 84' lang='lat' dir='ltr'>auia</span> <span class='ocrx_word' id='word_1_40' title='bbox 748 830 942 904; x_wconf 76' lang='lat' dir='ltr'>conicriptum</span> <span class='ocrx_word' id='word_1_41' title='bbox 956 830 1038 888; x_wconf 91' lang='lat' dir='ltr'>molli</span> <span class='ocrx_word' id='word_1_42' title='bbox 1051 833 1084 886; x_wconf 85' lang='lat' dir='ltr'>ct</span> 
     </span>
     <span class='ocr_line' id='line_1_7' title="bbox 213 929 1083 1008; baseline -0.005 -16"><span class='ocrx_word' id='word_1_43' title='bbox 213 935 430 1008; x_wconf 78' lang='lat' dir='ltr'><strong>Xenophonteo</strong></span> <span class='ocrx_word' id='word_1_44' title='bbox 454 950 561 1008; x_wconf 81' lang='lat' dir='ltr'>genere</span> <span class='ocrx_word' id='word_1_45' title='bbox 586 931 735 998; x_wconf 78' lang='lat' dir='ltr'>sermonis,</span> <span class='ocrx_word' id='word_1_46' title='bbox 761 930 844 990; x_wconf 74' lang='lat' dir='ltr'>misit</span> <span class='ocrx_word' id='word_1_47' title='bbox 856 931 892 986; x_wconf 94' lang='lat' dir='ltr'>ad</span> <span class='ocrx_word' id='word_1_48' title='bbox 909 929 947 986; x_wconf 75' lang='lat' dir='ltr'>A.</span> <span class='ocrx_word' id='word_1_49' title='bbox 962 929 1083 988; x_wconf 83' lang='lat' dir='ltr'>Furium</span> 
     </span>
     <span class='ocr_line' id='line_1_8' title="bbox 213 1027 1084 1106; baseline -0.009 -15"><span class='ocrx_word' id='word_1_50' title='bbox 213 1031 340 1106; x_wconf 72' lang='lat' dir='ltr'>puttam,</span> <span class='ocrx_word' id='word_1_51' title='bbox 353 1032 524 1090; x_wconf 74' lang='lat' dir='ltr'>familiarem</span> <span class='ocrx_word' id='word_1_52' title='bbox 547 1048 644 1088; x_wconf 80' lang='lat' dir='ltr'>suum:</span> <span class='ocrx_word' id='word_1_53' title='bbox 666 1029 714 1104; x_wconf 88' lang='lat' dir='ltr'>qui</span> <span class='ocrx_word' id='word_1_54' title='bbox 729 1030 802 1086; x_wconf 83' lang='lat' dir='ltr'>libor</span> <span class='ocrx_word' id='word_1_55' title='bbox 814 1028 908 1086; x_wconf 89' lang='lat' dir='ltr'>nihilo</span> <span class='ocrx_word' id='word_1_56' title='bbox 920 1027 1016 1086; x_wconf 87' lang='lat' dir='ltr'>notior</span> <span class='ocrx_word' id='word_1_57' title='bbox 1028 1031 1084 1098; x_wconf 81' lang='lat' dir='ltr'>eat,</span> 
     </span>
     <span class='ocr_line' id='line_1_9' title="bbox 214 1126 1083 1208; baseline -0.008 -18"><span class='ocrx_word' id='word_1_58' title='bbox 214 1133 429 1208; x_wconf 79' lang='lat' dir='ltr'>quamillitrcs,</span> <span class='ocrx_word' id='word_1_59' title='bbox 439 1133 476 1194; x_wconf 77' lang='lat' dir='ltr'>dc</span> <span class='ocrx_word' id='word_1_60' title='bbox 486 1130 588 1208; x_wconf 80' lang='lat' dir='ltr'>quibua</span> <span class='ocrx_word' id='word_1_61' title='bbox 604 1135 672 1189; x_wconf 83' lang='lat' dir='ltr'>aute</span> <span class='ocrx_word' id='word_1_62' title='bbox 682 1129 753 1196; x_wconf 83' lang='lat' dir='ltr'>dixi,</span> <span class='ocrx_word' id='word_1_63' title='bbox 769 1127 872 1186; x_wconf 83' lang='lat' dir='ltr'>Scauri</span> <span class='ocrx_word' id='word_1_64' title='bbox 884 1126 960 1185; x_wconf 85' lang='lat' dir='ltr'>libri.</span> <span class='ocrx_word' id='word_1_65' title='bbox 1002 1127 1083 1184; x_wconf 77' lang='lat' dir='ltr'>&#39;l&#39;um</span> 
     </span>
     <span class='ocr_line' id='line_1_10' title="bbox 213 1223 1081 1305; baseline -0.007 -17"><span class='ocrx_word' id='word_1_66' title='bbox 213 1231 328 1297; x_wconf 72' lang='lat' dir='ltr'>linatur,</span> <span class='ocrx_word' id='word_1_67' title='bbox 355 1230 434 1288; x_wconf 87' lang='lat' dir='ltr'>Mihi</span> <span class='ocrx_word' id='word_1_68' title='bbox 454 1229 572 1305; x_wconf 86' lang='lat' dir='ltr'>quidem</span> <span class='ocrx_word' id='word_1_69' title='bbox 599 1245 654 1288; x_wconf 84' lang='lat' dir='ltr'>noc</span> <span class='ocrx_word' id='word_1_70' title='bbox 676 1228 731 1286; x_wconf 83' lang='lat' dir='ltr'>ista</span> <span class='ocrx_word' id='word_1_71' title='bbox 752 1232 837 1285; x_wconf 80' lang='lat' dir='ltr'>notua</span> <span class='ocrx_word' id='word_1_72' title='bbox 861 1231 915 1294; x_wconf 78' lang='lat' dir='ltr'>ast,</span> <span class='ocrx_word' id='word_1_73' title='bbox 941 1223 1081 1284; x_wconf 80' lang='lat' dir='ltr'>necilli:</span> 
     </span>
     <span class='ocr_line' id='line_1_11' title="bbox 207 1325 1083 1401; baseline -0.007 -11"><span class='ocrx_word' id='word_1_74' title='bbox 207 1329 232 1361; x_wconf 77' lang='lat'>⁸⁵</span> <span class='ocrx_word' id='word_1_75' title='bbox 245 1330 296 1390; x_wconf 74' lang='lat' dir='ltr'>ted</span> <span class='ocrx_word' id='word_1_76' title='bbox 320 1329 393 1386; x_wconf 84' lang='lat' dir='ltr'>boec</span> <span class='ocrx_word' id='word_1_77' title='bbox 407 1345 473 1386; x_wconf 82' lang='lat' dir='ltr'>mco</span> <span class='ocrx_word' id='word_1_78' title='bbox 496 1330 583 1401; x_wconf 88' lang='lat' dir='ltr'>culpa</span> <span class='ocrx_word' id='word_1_79' title='bbox 602 1333 657 1384; x_wconf 82' lang='lat' dir='ltr'>eat.</span> <span class='ocrx_word' id='word_1_80' title='bbox 671 1343 825 1401; x_wconf 82' lang='lat' dir='ltr'>numquam</span> <span class='ocrx_word' id='word_1_81' title='bbox 843 1325 965 1383; x_wconf 88' lang='lat' dir='ltr'>enimin</span> <span class='ocrx_word' id='word_1_82' title='bbox 980 1340 1083 1384; x_wconf 82' lang='lat' dir='ltr'>manua</span> 
     </span>
     <span class='ocr_line' id='line_1_12' title="bbox 212 1424 1084 1498; baseline -0.003 -14"><span class='ocrx_word' id='word_1_83' title='bbox 212 1425 385 1485; x_wconf 87' lang='lat' dir='ltr'>inciderunt.</span> <span class='ocrx_word' id='word_1_84' title='bbox 426 1428 514 1484; x_wconf 89' lang='lat' dir='ltr'>Nunc</span> <span class='ocrx_word' id='word_1_85' title='bbox 538 1431 635 1483; x_wconf 85' lang='lat' dir='ltr'>autom</span> <span class='ocrx_word' id='word_1_86' title='bbox 649 1431 679 1482; x_wconf 86' lang='lat' dir='ltr'>et</span> <span class='ocrx_word' id='word_1_87' title='bbox 692 1443 710 1482; x_wconf 83' lang='lat' dir='ltr'>a</span> <span class='ocrx_word' id='word_1_88' title='bbox 724 1429 753 1481; x_wconf 85' lang='lat' dir='ltr'>te</span> <span class='ocrx_word' id='word_1_89' title='bbox 779 1441 899 1492; x_wconf 81' lang='lat' dir='ltr'>sumam,</span> <span class='ocrx_word' id='word_1_90' title='bbox 922 1424 1084 1498; x_wconf 82' lang='lat' dir='ltr'>otcouqui·</span> 
     </span>
     <span class='ocr_line' id='line_1_13' title="bbox 213 1521 1084 1600; baseline -0.001 -17"><span class='ocrx_word' id='word_1_91' title='bbox 213 1543 274 1583; x_wconf 85' lang='lat' dir='ltr'>ram</span> <span class='ocrx_word' id='word_1_92' title='bbox 297 1523 354 1584; x_wconf 79' lang='lat' dir='ltr'>ista</span> <span class='ocrx_word' id='word_1_93' title='bbox 372 1527 492 1600; x_wconf 84' lang='lat' dir='ltr'>posthac</span> <span class='ocrx_word' id='word_1_94' title='bbox 527 1524 677 1582; x_wconf 74' lang='lat' dir='ltr'>curiosius.</span> <span class='ocrx_word' id='word_1_95' title='bbox 720 1523 790 1581; x_wconf 81' lang='lat' dir='ltr'>Fuit</span> <span class='ocrx_word' id='word_1_96' title='bbox 813 1523 900 1599; x_wconf 85' lang='lat' dir='ltr'>igitur</span> <span class='ocrx_word' id='word_1_97' title='bbox 920 1521 951 1580; x_wconf 92' lang='lat' dir='ltr'>iu</span> <span class='ocrx_word' id='word_1_98' title='bbox 977 1524 1084 1582; x_wconf 78' lang='lat' dir='ltr'>Catulo</span> 
     </span>
     <span class='ocr_line' id='line_1_14' title="bbox 212 1605 1082 1698; baseline -0.002 -16"><span class='ocrx_word' id='word_1_99' title='bbox 212 1641 306 1682; x_wconf 76' lang='lat' dir='ltr'>sermo</span> <span class='ocrx_word' id='word_1_100' title='bbox 317 1624 454 1682; x_wconf 82' lang='lat' dir='ltr'>Latinus:</span> <span class='ocrx_word' id='word_1_101' title='bbox 474 1623 495 1656; x_wconf 73' lang='lat'>⁸⁶</span> <span class='ocrx_word' id='word_1_102' title='bbox 509 1641 581 1698; x_wconf 82' lang='lat' dir='ltr'>quae</span> <span class='ocrx_word' id='word_1_103' title='bbox 596 1626 657 1681; x_wconf 83' lang='lat' dir='ltr'>lana</span> <span class='ocrx_word' id='word_1_104' title='bbox 668 1623 787 1682; x_wconf 86' lang='lat' dir='ltr'>dicandi</span> <span class='ocrx_word' id='word_1_105' title='bbox 800 1639 859 1681; x_wconf 91' lang='lat' dir='ltr'>non</span> <span class='ocrx_word' id='word_1_106' title='bbox 870 1605 1035 1692; x_wconf 74' lang='lat' dir='ltr'>mediocria,</span> <span class='ocrx_word' id='word_1_107' title='bbox 1045 1623 1082 1680; x_wconf 86' lang='lat' dir='ltr'>ab</span> 
     </span>
     <span class='ocr_line' id='line_1_15' title="bbox 213 1719 1084 1797; baseline 0 -17"><span class='ocrx_word' id='word_1_108' title='bbox 213 1722 371 1780; x_wconf 80' lang='lat' dir='ltr'>oratoribus</span> <span class='ocrx_word' id='word_1_109' title='bbox 385 1723 528 1797; x_wconf 82' lang='lat' dir='ltr'>plariaque</span> <span class='ocrx_word' id='word_1_110' title='bbox 541 1725 676 1797; x_wconf 80' lang='lat' dir='ltr'>neglecta</span> <span class='ocrx_word' id='word_1_111' title='bbox 695 1728 749 1780; x_wconf 85' lang='lat' dir='ltr'>est.</span> <span class='ocrx_word' id='word_1_112' title='bbox 763 1740 830 1794; x_wconf 84' lang='lat' dir='ltr'>nam</span> <span class='ocrx_word' id='word_1_113' title='bbox 854 1723 892 1779; x_wconf 86' lang='lat' dir='ltr'>da</span> <span class='ocrx_word' id='word_1_114' title='bbox 910 1739 982 1780; x_wconf 80' lang='lat' dir='ltr'>sono</span> <span class='ocrx_word' id='word_1_115' title='bbox 992 1719 1084 1796; x_wconf 79' lang='lat' dir='ltr'>vocis,</span> 
     </span>
     <span class='ocr_line' id='line_1_16' title="bbox 213 1821 1083 1896; baseline 0 -16"><span class='ocrx_word' id='word_1_116' title='bbox 213 1826 245 1880; x_wconf 79' lang='lat' dir='ltr'>at</span> <span class='ocrx_word' id='word_1_117' title='bbox 257 1821 401 1880; x_wconf 75' lang='lat' dir='ltr'>suavitate</span> <span class='ocrx_word' id='word_1_118' title='bbox 415 1823 650 1896; x_wconf 82' lang='lat' dir='ltr'>appellandarum</span> <span class='ocrx_word' id='word_1_119' title='bbox 658 1822 828 1889; x_wconf 82' lang='lat' dir='ltr'>litterarum,</span> <span class='ocrx_word' id='word_1_120' title='bbox 841 1821 977 1896; x_wconf 88' lang='lat' dir='ltr'>quoniam</span> <span class='ocrx_word' id='word_1_121' title='bbox 991 1821 1083 1880; x_wconf 87' lang='lat' dir='ltr'>filium</span> 
     </span>
     <span class='ocr_line' id='line_1_17' title="bbox 213 1919 1084 1996; baseline -0.001 -16"><span class='ocrx_word' id='word_1_122' title='bbox 213 1921 387 1996; x_wconf 77' lang='lat' dir='ltr'>cognovisti,</span> <span class='ocrx_word' id='word_1_123' title='bbox 410 1921 472 1980; x_wconf 90' lang='lat' dir='ltr'>noli</span> <span class='ocrx_word' id='word_1_124' title='bbox 498 1925 669 1994; x_wconf 76' lang='lat' dir='ltr'>exspectare</span> <span class='ocrx_word' id='word_1_125' title='bbox 691 1919 760 1996; x_wconf 90' lang='lat' dir='ltr'>quid</span> <span class='ocrx_word' id='word_1_126' title='bbox 784 1920 890 1978; x_wconf 82' lang='lat' dir='ltr'>dicam.</span> <span class='ocrx_word' id='word_1_127' title='bbox 912 1937 1084 1996; x_wconf 79' lang='lat' dir='ltr'>quamquam</span> 
     </span>
     <span class='ocr_line' id='line_1_18' title="bbox 214 2020 1083 2096; baseline 0 -18"><span class='ocrx_word' id='word_1_128' title='bbox 214 2020 290 2079; x_wconf 76' lang='lat' dir='ltr'>filius</span> <span class='ocrx_word' id='word_1_129' title='bbox 317 2021 434 2096; x_wconf 85' lang='lat' dir='ltr'>quidem</span> <span class='ocrx_word' id='word_1_130' title='bbox 457 2037 516 2078; x_wconf 90' lang='lat' dir='ltr'>non</span> <span class='ocrx_word' id='word_1_131' title='bbox 530 2020 586 2078; x_wconf 86' lang='lat' dir='ltr'>tuit</span> <span class='ocrx_word' id='word_1_132' title='bbox 599 2020 631 2078; x_wconf 91' lang='lat' dir='ltr'>iu</span> <span class='ocrx_word' id='word_1_133' title='bbox 658 2024 802 2078; x_wconf 89' lang='lat' dir='ltr'>oratorum</span> <span class='ocrx_word' id='word_1_134' title='bbox 817 2037 945 2088; x_wconf 82' lang='lat' dir='ltr'>numero,</span> <span class='ocrx_word' id='word_1_135' title='bbox 957 2021 1009 2077; x_wconf 81' lang='lat' dir='ltr'>aad</span> <span class='ocrx_word' id='word_1_136' title='bbox 1022 2037 1083 2078; x_wconf 84' lang='lat' dir='ltr'>non</span> 
     </span>
     <span class='ocr_line' id='line_1_19' title="bbox 213 2118 1083 2198; baseline 0 -22"><span class='ocrx_word' id='word_1_137' title='bbox 213 2121 314 2176; x_wconf 83' lang='lat' dir='ltr'>deerat</span> <span class='ocrx_word' id='word_1_138' title='bbox 326 2119 355 2175; x_wconf 84' lang='lat' dir='ltr'>ei</span> <span class='ocrx_word' id='word_1_139' title='bbox 369 2125 466 2176; x_wconf 84' lang='lat' dir='ltr'>ioman</span> <span class='ocrx_word' id='word_1_140' title='bbox 490 2119 521 2174; x_wconf 88' lang='lat' dir='ltr'>in</span> <span class='ocrx_word' id='word_1_141' title='bbox 536 2118 681 2174; x_wconf 79' lang='lat' dir='ltr'>sententia</span> <span class='ocrx_word' id='word_1_142' title='bbox 702 2118 827 2176; x_wconf 88' lang='lat' dir='ltr'>dicenda</span> <span class='ocrx_word' id='word_1_143' title='bbox 840 2135 907 2176; x_wconf 89' lang='lat' dir='ltr'>cum</span> <span class='ocrx_word' id='word_1_144' title='bbox 920 2119 1083 2198; x_wconf 84' lang='lat' dir='ltr'>pmdautia,</span> 
     </span>
     <span class='ocr_line' id='line_1_20' title="bbox 213 2215 1081 2291; baseline 0.005 -21"><span class='ocrx_word' id='word_1_145' title='bbox 213 2219 274 2270; x_wconf 87' lang='lat' dir='ltr'>tum</span> <span class='ocrx_word' id='word_1_146' title='bbox 301 2217 419 2287; x_wconf 78' lang='lat' dir='ltr'>elegans</span> <span class='ocrx_word' id='word_1_147' title='bbox 445 2215 587 2289; x_wconf 87' lang='lat' dir='ltr'>quoddam</span> <span class='ocrx_word' id='word_1_148' title='bbox 600 2220 631 2271; x_wconf 84' lang='lat' dir='ltr'>et</span> <span class='ocrx_word' id='word_1_149' title='bbox 651 2216 795 2274; x_wconf 83' lang='lat' dir='ltr'>cruditum</span> <span class='ocrx_word' id='word_1_150' title='bbox 820 2217 960 2274; x_wconf 78' lang='lat' dir='ltr'>orationis</span> <span class='ocrx_word' id='word_1_151' title='bbox 980 2234 1081 2291; x_wconf 82' lang='lat' dir='ltr'>genua.</span> 
     </span>
     <span class='ocr_line' id='line_1_21' title="bbox 213 2311 1084 2389; baseline 0.006 -20"><span class='ocrx_word' id='word_1_152' title='bbox 213 2312 279 2369; x_wconf 82' lang='lat' dir='ltr'>Nec</span> <span class='ocrx_word' id='word_1_153' title='bbox 294 2311 408 2369; x_wconf 80' lang='lat' dir='ltr'>babitus</span> <span class='ocrx_word' id='word_1_154' title='bbox 421 2318 466 2370; x_wconf 85' lang='lat' dir='ltr'>cat</span> <span class='ocrx_word' id='word_1_155' title='bbox 479 2316 576 2371; x_wconf 86' lang='lat' dir='ltr'>tamen</span> <span class='ocrx_word' id='word_1_156' title='bbox 601 2319 683 2386; x_wconf 84' lang='lat' dir='ltr'>pater</span> <span class='ocrx_word' id='word_1_157' title='bbox 695 2314 759 2388; x_wconf 84' lang='lat' dir='ltr'>ipae</span> <span class='ocrx_word' id='word_1_158' title='bbox 770 2317 889 2374; x_wconf 79' lang='lat' dir='ltr'>Catulus</span> <span class='ocrx_word' id='word_1_159' title='bbox 904 2315 1037 2389; x_wconf 74' lang='lat' dir='ltr'>princeps</span> <span class='ocrx_word' id='word_1_160' title='bbox 1050 2314 1084 2374; x_wconf 88' lang='lat' dir='ltr'>io</span> 
     </span>
     <span class='ocr_line' id='line_1_22' title="bbox 176 2413 1084 2494; baseline 0.004 -26"><span class='ocrx_word' id='word_1_161' title='bbox 176 2485 181 2494; x_wconf 23' lang='grc' dir='ltr'>ι</span> <span class='ocrx_word' id='word_1_162' title='bbox 212 2425 332 2468; x_wconf 82' lang='lat' dir='ltr'>numero</span> <span class='ocrx_word' id='word_1_163' title='bbox 358 2415 556 2485; x_wconf 78' lang='lat' dir='ltr'>patronorumt</span> <span class='ocrx_word' id='word_1_164' title='bbox 577 2413 629 2470; x_wconf 85' lang='lat' dir='ltr'>aed</span> <span class='ocrx_word' id='word_1_165' title='bbox 641 2417 704 2470; x_wconf 86' lang='lat' dir='ltr'>arat</span> <span class='ocrx_word' id='word_1_166' title='bbox 724 2413 800 2483; x_wconf 87' lang='lat' dir='ltr'>talis,</span> <span class='ocrx_word' id='word_1_167' title='bbox 813 2419 854 2482; x_wconf 89' lang='lat' dir='ltr'>ut,</span> <span class='ocrx_word' id='word_1_168' title='bbox 868 2416 1084 2490; x_wconf 82' lang='lat' dir='ltr'>cumquoadam</span> 
     </span>
     <span class='ocr_line' id='line_1_23' title="bbox 212 2509 1085 2585; baseline 0.005 -19"><span class='ocrx_word' id='word_1_169' title='bbox 212 2509 336 2578; x_wconf 79' lang='lat' dir='ltr'>audires,</span> <span class='ocrx_word' id='word_1_170' title='bbox 357 2509 406 2585; x_wconf 88' lang='lat' dir='ltr'>qui</span> <span class='ocrx_word' id='word_1_171' title='bbox 432 2514 493 2568; x_wconf 89' lang='lat' dir='ltr'>tum</span> <span class='ocrx_word' id='word_1_172' title='bbox 520 2515 604 2568; x_wconf 85' lang='lat' dir='ltr'>eraut</span> <span class='ocrx_word' id='word_1_173' title='bbox 626 2516 815 2584; x_wconf 56' lang='lat' dir='ltr'>praestantem</span> <span class='ocrx_word' id='word_1_174' title='bbox 844 2512 991 2570; x_wconf 80' lang='lat' dir='ltr'>videretur</span> <span class='ocrx_word' id='word_1_175' title='bbox 1016 2530 1085 2570; x_wconf 77' lang='lat' dir='ltr'>enac</span> 
     </span>
     <span class='ocr_line' id='line_1_24' title="bbox 211 2607 1083 2685; baseline 0.006 -20"><span class='ocrx_word' id='word_1_176' title='bbox 211 2607 346 2665; x_wconf 83' lang='lat' dir='ltr'>interior:</span> <span class='ocrx_word' id='word_1_177' title='bbox 367 2625 434 2666; x_wconf 89' lang='lat' dir='ltr'>cum</span> <span class='ocrx_word' id='word_1_178' title='bbox 447 2613 542 2666; x_wconf 87' lang='lat' dir='ltr'>autam</span> <span class='ocrx_word' id='word_1_179' title='bbox 554 2609 648 2684; x_wconf 77' lang='lat' dir='ltr'>ipsum</span> <span class='ocrx_word' id='word_1_180' title='bbox 661 2610 773 2668; x_wconf 84' lang='lat' dir='ltr'>audires</span> <span class='ocrx_word' id='word_1_181' title='bbox 783 2611 846 2668; x_wconf 81' lang='lat' dir='ltr'>sina</span> <span class='ocrx_word' id='word_1_182' title='bbox 855 2611 1083 2685; x_wconf 80' lang='lat' dir='ltr'>comparatione,</span> 
     </span>
     <span class='ocr_line' id='line_1_25' title="bbox 212 2707 1081 2786; baseline 0.002 -20"><span class='ocrx_word' id='word_1_183' title='bbox 212 2723 271 2766; x_wconf 88' lang='lat' dir='ltr'>uon</span> <span class='ocrx_word' id='word_1_184' title='bbox 286 2707 373 2766; x_wconf 88' lang='lat' dir='ltr'>modo</span> <span class='ocrx_word' id='word_1_185' title='bbox 385 2712 539 2766; x_wconf 79' lang='lat' dir='ltr'>contentus</span> <span class='ocrx_word' id='word_1_186' title='bbox 552 2726 641 2778; x_wconf 80' lang='lat' dir='ltr'>casas,</span> <span class='ocrx_word' id='word_1_187' title='bbox 654 2711 706 2766; x_wconf 81' lang='lat' dir='ltr'>aed</span> <span class='ocrx_word' id='word_1_188' title='bbox 730 2711 833 2768; x_wconf 78' lang='lat' dir='ltr'>melius</span> <span class='ocrx_word' id='word_1_189' title='bbox 846 2728 906 2768; x_wconf 90' lang='lat' dir='ltr'>nou</span> <span class='ocrx_word' id='word_1_190' title='bbox 917 2727 1081 2786; x_wconf 76' lang='lat' dir='ltr'>quaereres.</span> 
     </span>
     <span class='ocr_line' id='line_1_26' title="bbox 213 2806 1083 2883; baseline 0.003 -19"><span class='ocrx_word' id='word_1_191' title='bbox 213 2808 251 2880; x_wconf 78' lang='lat' dir='ltr'>Q.</span> <span class='ocrx_word' id='word_1_192' title='bbox 266 2806 404 2876; x_wconf 79' lang='lat' dir='ltr'>Metellus</span> <span class='ocrx_word' id='word_1_193' title='bbox 426 2808 608 2876; x_wconf 77' lang='lat' dir='ltr'>Numidicus,</span> <span class='ocrx_word' id='word_1_194' title='bbox 622 2812 652 2864; x_wconf 89' lang='lat' dir='ltr'>et</span> <span class='ocrx_word' id='word_1_195' title='bbox 666 2808 727 2882; x_wconf 84' lang='lat' dir='ltr'>ajua</span> <span class='ocrx_word' id='word_1_196' title='bbox 741 2811 855 2883; x_wconf 82' lang='lat' dir='ltr'>collega</span> <span class='ocrx_word' id='word_1_197' title='bbox 882 2809 925 2866; x_wconf 88' lang='lat' dir='ltr'>M.</span> <span class='ocrx_word' id='word_1_198' title='bbox 956 2809 1083 2878; x_wconf 74' lang='lat' dir='ltr'>Silanus,</span> 
     </span>
     <span class='ocr_line' id='line_1_27' title="bbox 212 2906 1082 2981; baseline 0.002 -17"><span class='ocrx_word' id='word_1_199' title='bbox 212 2906 350 2964; x_wconf 82' lang='lat' dir='ltr'>dicabant</span> <span class='ocrx_word' id='word_1_200' title='bbox 362 2909 399 2964; x_wconf 85' lang='lat' dir='ltr'>da</span> <span class='ocrx_word' id='word_1_201' title='bbox 420 2907 568 2981; x_wconf 80' lang='lat' dir='ltr'>republica</span> <span class='ocrx_word' id='word_1_202' title='bbox 581 2908 657 2980; x_wconf 86' lang='lat' dir='ltr'>quod</span> <span class='ocrx_word' id='word_1_203' title='bbox 670 2912 747 2964; x_wconf 77' lang='lat' dir='ltr'>esaet</span> <span class='ocrx_word' id='word_1_204' title='bbox 766 2907 824 2965; x_wconf 84' lang='lat' dir='ltr'>illia</span> <span class='ocrx_word' id='word_1_205' title='bbox 840 2907 911 2965; x_wconf 81' lang='lat' dir='ltr'>viris</span> <span class='ocrx_word' id='word_1_206' title='bbox 937 2913 968 2966; x_wconf 82' lang='lat' dir='ltr'>at</span> <span class='ocrx_word' id='word_1_207' title='bbox 981 2926 1082 2966; x_wconf 85' lang='lat' dir='ltr'>conau-</span> 
     </span>
     <span class='ocr_line' id='line_1_28' title="bbox 212 3003 1083 3081; baseline 0.007 -21"><span class='ocrx_word' id='word_1_208' title='bbox 212 3003 266 3060; x_wconf 89' lang='lat' dir='ltr'>lari</span> <span class='ocrx_word' id='word_1_209' title='bbox 289 3005 424 3078; x_wconf 80' lang='lat' dir='ltr'>dignitati</span> <span class='ocrx_word' id='word_1_210' title='bbox 451 3006 531 3062; x_wconf 82' lang='lat' dir='ltr'>antia.</span> <span class='ocrx_word' id='word_1_211' title='bbox 574 3004 616 3060; x_wconf 88' lang='grc' dir='ltr'>Μ.</span> <span class='ocrx_word' id='word_1_212' title='bbox 630 3006 767 3065; x_wconf 82' lang='lat' dir='ltr'>Aurelius</span> <span class='ocrx_word' id='word_1_213' title='bbox 783 3008 907 3066; x_wconf 83' lang='lat' dir='ltr'>Scanms</span> <span class='ocrx_word' id='word_1_214' title='bbox 920 3023 979 3066; x_wconf 89' lang='lat' dir='ltr'>non</span> <span class='ocrx_word' id='word_1_215' title='bbox 994 3024 1083 3081; x_wconf 78' lang='lat' dir='ltr'>saepo</span> 
     </span>
     <span class='ocr_line' id='line_1_29' title="bbox 211 3100 1083 3180; baseline 0.007 -22"><span class='ocrx_word' id='word_1_216' title='bbox 211 3100 339 3168; x_wconf 78' lang='lat' dir='ltr'>dicabat,</span> <span class='ocrx_word' id='word_1_217' title='bbox 353 3102 404 3158; x_wconf 84' lang='lat' dir='ltr'>sed</span> <span class='ocrx_word' id='word_1_218' title='bbox 418 3102 526 3175; x_wconf 81' lang='lat' dir='ltr'>polita:</span> <span class='ocrx_word' id='word_1_219' title='bbox 548 3102 656 3163; x_wconf 80' lang='lat' dir='ltr'>Latina</span> <span class='ocrx_word' id='word_1_220' title='bbox 670 3121 740 3162; x_wconf 83' lang='lat' dir='ltr'>vcro</span> <span class='ocrx_word' id='word_1_221' title='bbox 754 3103 785 3165; x_wconf 88' lang='lat' dir='ltr'>iu</span> <span class='ocrx_word' id='word_1_222' title='bbox 799 3105 897 3180; x_wconf 83' lang='lat' dir='ltr'>primia</span> <span class='ocrx_word' id='word_1_223' title='bbox 909 3110 954 3164; x_wconf 83' lang='lat' dir='ltr'>eat</span> <span class='ocrx_word' id='word_1_224' title='bbox 967 3108 1083 3180; x_wconf 80' lang='lat' dir='ltr'>elegan-</span> 
     </span>
    </p>
   </div>
   <div class='ocr_carea' id='block_1_3' title="bbox 211 3251 1084 3490">
    <p class='ocr_par' dir='ltr' id='par_1_3' title="bbox 211 3251 1084 3490">
     <span class='ocr_line' id='line_1_30' title="bbox 242 3251 1083 3322; baseline 0.01 -24"><span class='ocrx_word' id='word_1_225' title='bbox 242 3251 264 3285; x_wconf 81' lang='lat'>¹⁵</span> <span class='ocrx_word' id='word_1_226' title='bbox 271 3253 309 3299; x_wconf 82' lang='lat' dir='ltr'>aad</span> <span class='ocrx_word' id='word_1_227' title='bbox 318 3253 369 3300; x_wconf 76' lang='lat' dir='ltr'>boec</span> <span class='ocrx_word' id='word_1_228' title='bbox 378 3267 425 3299; x_wconf 78' lang='lat' dir='ltr'>mco</span> <span class='ocrx_word' id='word_1_229' title='bbox 436 3256 501 3312; x_wconf 66' lang='lat' dir='ltr'>culm</span> <span class='ocrx_word' id='word_1_230' title='bbox 510 3255 558 3316; x_wconf 78' lang='lat' dir='ltr'>cat]</span> <span class='ocrx_word' id='word_1_231' title='bbox 590 3254 671 3302; x_wconf 74' lang='lat' dir='ltr'>Rivius</span> <span class='ocrx_word' id='word_1_232' title='bbox 686 3260 710 3304; x_wconf 83' lang='lat' dir='ltr'>et</span> <span class='ocrx_word' id='word_1_233' title='bbox 719 3257 798 3306; x_wconf 75' lang='lat' dir='ltr'>lomb.</span> <span class='ocrx_word' id='word_1_234' title='bbox 810 3259 923 3317; x_wconf 79' lang='lat' dir='ltr'>corrigunt</span> <span class='ocrx_word' id='word_1_235' title='bbox 941 3273 989 3316; x_wconf 78' lang='lat' dir='ltr'>aec,</span> <span class='ocrx_word' id='word_1_236' title='bbox 1000 3259 1083 3322; x_wconf 84' lang='lat' dir='ltr'>impro-</span> 
     </span>
     <span class='ocr_line' id='line_1_31' title="bbox 211 3311 1082 3389; baseline 0.01 -31"><span class='ocrx_word' id='word_1_237' title='bbox 211 3311 280 3358; x_wconf 80' lang='lat' dir='ltr'>bante</span> <span class='ocrx_word' id='word_1_238' title='bbox 288 3311 403 3358; x_wconf 80' lang='lat' dir='ltr'>Corrado:</span> <span class='ocrx_word' id='word_1_239' title='bbox 418 3313 456 3372; x_wconf 85' lang='lat' dir='ltr'>qui</span> <span class='ocrx_word' id='word_1_240' title='bbox 466 3319 540 3360; x_wconf 77' lang='lat' dir='ltr'>tamen</span> <span class='ocrx_word' id='word_1_241' title='bbox 558 3313 672 3371; x_wconf 81' lang='lat' dir='ltr'>vulgatum</span> <span class='ocrx_word' id='word_1_242' title='bbox 691 3317 804 3376; x_wconf 79' lang='lat' dir='ltr'>explicare</span> <span class='ocrx_word' id='word_1_243' title='bbox 822 3319 938 3364; x_wconf 88' lang='lat' dir='ltr'>commode</span> <span class='ocrx_word' id='word_1_244' title='bbox 947 3331 991 3364; x_wconf 91' lang='lat' dir='ltr'>uon</span> <span class='ocrx_word' id='word_1_245' title='bbox 1000 3319 1082 3389; x_wconf 67' lang='lat' dir='ltr'>poturit.</span> 
     </span>
     <span class='ocr_line' id='line_1_32' title="bbox 211 3370 1084 3434; baseline 0.006 -17"><span class='ocrx_word' id='word_1_246' title='bbox 211 3370 235 3418; x_wconf 84' lang='lat' dir='ltr'>N</span> <span class='ocrx_word' id='word_1_247' title='bbox 237 3384 266 3416; x_wconf 90' lang='lat' dir='ltr'>on</span> <span class='ocrx_word' id='word_1_248' title='bbox 275 3371 379 3417; x_wconf 85' lang='lat' dir='ltr'>convenit</span> <span class='ocrx_word' id='word_1_249' title='bbox 388 3370 502 3429; x_wconf 81' lang='lat' dir='ltr'>vulgatum</span> <span class='ocrx_word' id='word_1_250' title='bbox 512 3371 664 3434; x_wconf 75' lang='lat' dir='ltr'>sequendms:</span> <span class='ocrx_word' id='word_1_251' title='bbox 680 3388 797 3434; x_wconf 68' lang='lat' dir='ltr'>nunqnam</span> <span class='ocrx_word' id='word_1_252' title='bbox 806 3376 864 3422; x_wconf 83' lang='lat' dir='ltr'>araim</span> <span class='ocrx_word' id='word_1_253' title='bbox 874 3377 901 3422; x_wconf 84' lang='lat' dir='ltr'>iu</span> <span class='ocrx_word' id='word_1_254' title='bbox 910 3391 991 3423; x_wconf 82' lang='lat' dir='ltr'>munus</span> <span class='ocrx_word' id='word_1_255' title='bbox 999 3378 1084 3424; x_wconf 72' lang='lat' dir='ltr'>amida·</span> 
     </span>
     <span class='ocr_line' id='line_1_33' title="bbox 212 3429 1082 3490; baseline 0.006 -13"><span class='ocrx_word' id='word_1_256' title='bbox 212 3433 283 3485; x_wconf 63' lang='lat' dir='ltr'>rum</span> <span class='ocrx_word' id='word_1_257' title='bbox 298 3443 355 3490; x_wconf 84' lang='lat' dir='ltr'>qnae</span> <span class='ocrx_word' id='word_1_258' title='bbox 364 3443 378 3474; x_wconf 88' lang='lat' dir='ltr'>a</span> <span class='ocrx_word' id='word_1_259' title='bbox 388 3429 666 3490; x_wconf 83' lang='lat' dir='ltr'>culpaliberantllrutum.</span> <span class='ocrx_word' id='word_1_260' title='bbox 697 3431 789 3480; x_wconf 81' lang='lat' dir='ltr'>Rivium</span> <span class='ocrx_word' id='word_1_261' title='bbox 803 3449 880 3481; x_wconf 80' lang='lat' dir='ltr'>vamur</span> <span class='ocrx_word' id='word_1_262' title='bbox 888 3435 970 3482; x_wconf 80' lang='lat' dir='ltr'>ridicae</span> <span class='ocrx_word' id='word_1_263' title='bbox 977 3435 1082 3482; x_wconf 81' lang='lat' dir='ltr'>arbitror.</span> 
     </span>
    </p>
   </div>
   <div class='ocr_carea' id='block_1_4' title="bbox 212 3504 1097 3692">
    <p class='ocr_par' dir='ltr' id='par_1_4' title="bbox 212 3504 1097 3692">
     <span class='ocr_line' id='line_1_34' title="bbox 241 3504 1087 3576; baseline 0.009 -22"><span class='ocrx_word' id='word_1_264' title='bbox 241 3509 386 3568; x_wconf 62' lang='lat' dir='ltr'>“umalama</span> <span class='ocrx_word' id='word_1_265' title='bbox 402 3504 508 3570; x_wconf 63' lang='lat' dir='ltr'>dicandi]</span> <span class='ocrx_word' id='word_1_266' title='bbox 540 3509 583 3556; x_wconf 79' lang='lat' dir='ltr'>nl.</span> <span class='ocrx_word' id='word_1_267' title='bbox 600 3509 692 3556; x_wconf 79' lang='lat' dir='ltr'>Roma</span> <span class='ocrx_word' id='word_1_268' title='bbox 707 3511 738 3557; x_wconf 91' lang='lat' dir='ltr'>ud</span> <span class='ocrx_word' id='word_1_269' title='bbox 756 3511 885 3560; x_wconf 78' lang='lat' dir='ltr'>Riviomio</span> <span class='ocrx_word' id='word_1_270' title='bbox 903 3513 1009 3561; x_wconf 78' lang='lat' dir='ltr'>dicando.-</span> <span class='ocrx_word' id='word_1_271' title='bbox 1023 3515 1087 3576; x_wconf 74' lang='lat' dir='ltr'>quod</span> 
     </span>
     <span class='ocr_line' id='line_1_35' title="bbox 212 3569 1097 3640; baseline 0.006 -26"><span class='ocrx_word' id='word_1_272' title='bbox 212 3569 364 3640; x_wconf 58' lang='lat' dir='ltr'>nnepluaem</span> <span class='ocrx_word' id='word_1_273' title='bbox 380 3571 545 3638; x_wconf 67' lang='lat' dir='ltr'>quamquamot</span> <span class='ocrx_word' id='word_1_274' title='bbox 561 3569 674 3639; x_wconf 72' lang='lat' dir='ltr'>vulgatum</span> <span class='ocrx_word' id='word_1_275' title='bbox 723 3583 751 3640; x_wconf 77' lang='lat' dir='ltr'>no</span> <span class='ocrx_word' id='word_1_276' title='bbox 769 3571 913 3636; x_wconf 73' lang='lat' dir='ltr'>latinumqrt</span> <span class='ocrx_word' id='word_1_277' title='bbox 943 3573 1050 3640; x_wconf 67' lang='lat' dir='ltr'>§tempu</span> <span class='ocrx_word' id='word_1_278' title='bbox 1062 3587 1097 3638; x_wconf 64' lang='lat' dir='ltr'>q·</span> 
     </span>
     <span class='ocr_line' id='line_1_36' title="bbox 214 3624 744 3692; baseline 0.004 -16"><span class='ocrx_word' id='word_1_279' title='bbox 214 3624 250 3688; x_wconf 64' lang='lat' dir='ltr'>id.</span> <span class='ocrx_word' id='word_1_280' title='bbox 261 3628 355 3679; x_wconf 70' lang='lat' dir='ltr'>armar</span> <span class='ocrx_word' id='word_1_281' title='bbox 363 3628 414 3677; x_wconf 78' lang='lat' dir='ltr'>lom</span> <span class='ocrx_word' id='word_1_282' title='bbox 423 3631 485 3677; x_wconf 71' lang='lat' dir='ltr'>otia</span> <span class='ocrx_word' id='word_1_283' title='bbox 493 3628 638 3692; x_wconf 65' lang='lat' dir='ltr'>alimum</span> <span class='ocrx_word' id='word_1_284' title='bbox 646 3628 744 3686; x_wconf 61' lang='lat' dir='ltr'>dacem</span> 
     </span>
    </p>
   </div>
   <div class='ocr_carea' id='block_1_5' title="bbox 0 0 1242 4188">
    <p class='ocr_par' dir='ltr' id='par_1_5' title="bbox 0 0 1242 4188">
     <span class='ocr_line' id='line_1_37' title="bbox 0 0 1242 4188; baseline 0 0"><span class='ocrx_word' id='word_1_285' title='bbox 0 0 1242 4188; x_wconf 95' lang='lat' dir='ltr'> </span> 
     </span>
    </p>
   </div>
  </div>
 </body>
</html>
