2444 4194
236 325 299 384 lla
603 321 737 372 saurus.
832 309 839 324 ‘

209 465 210 470 ’
233 467 401 540 erljumeuto
415 466 466 528 ille
480 472 562 528 tanto
572 468 615 528 sic
629 471 771 537 utebatur,
784 473 817 527 ut
836 486 896 539 sua,
910 473 941 528 et
960 488 1107 534 commen·
1143 545 1146 550 ,
1201 473 1202 478 ’

233 569 304 636 tata,
317 572 348 625 et
361 567 478 642 scripta,
492 573 531 636 et,
545 570 625 626 nullo
639 569 793 637 referente,
806 569 905 628 omnia
928 572 1107 630 adversario·

231 682 296 724 rum
309 667 389 724 dieta
401 667 590 724 meminisset
621 668 753 726 Ardebat
771 673 867 726 autem
880 669 1043 742 cupiditate
1057 671 1107 739 sie,

232 771 263 823 ut
278 767 310 823 in
323 767 403 824 nullo
416 783 551 840 umquam
565 767 732 842 flagrantius
746 749 871 824 studium
888 767 1025 826 viderim.
1046 769 1106 826 nnl-

232 865 293 924 lum
318 864 398 922 enim
425 864 587 938 patiebatur
613 883 676 923 esse
703 866 791 934 diem,
814 865 884 939 quin
910 873 961 924 sut
986 866 1020 924 in
1047 868 1105 926 loro

232 963 352 1031 diceret,
379 966 429 1020 ant
459 964 652 1032 ¹meditaretur
685 967 768 1022 extra
805 964 905 1021 lorum.
936 965 1104 1039 saepissime

232 1067 329 1122 autem
351 1065 453 1122 eodem
475 1062 523 1120 die
550 1067 699 1138 utrumque
721 1060 856 1119 faciebat.
899 1063 1103 1139 Attuleratque

231 1162 352 1222 minime
367 1165 485 1237 vulgare
499 1181 589 1238 genus
604 1161 738 1219 dicendi:
752 1162 823 1218 duas
834 1161 950 1236 quidem
964 1181 1022 1232 res,
1033 1183 1102 1239 quas

231 1277 319 1336 nemo
347 1260 439 1316 alius:
466 1260 645 1333 partitiones,
671 1259 772 1334 quibus
798 1261 835 1316 de
863 1262 947 1318 rebus
975 1261 1102 1320 dicturus

230 1361 317 1428 esset,
336 1355 389 1414 ³et
402 1358 610 1427 collectionem
632 1374 740 1414 memor
753 1362 783 1414 et
807 1375 881 1432 quae
903 1364 1003 1418 essent
1023 1360 1101 1421 diota

230 1459 341 1522 eontra,
365 1454 579 1543 quaequexipse
604 1455 735 1534 dixisset.
776 1456 849 1513 Erat
875 1455 927 1514 ⁴in
949 1460 1101 1518 verborum

230 1555 384 1628 splendore
398 1557 525 1628 elegans,
535 1553 744 1627 compositione
759 1560 852 1627 aptus,
866 1555 1003 1614 facultate
1024 1558 1102 1632 copi·

230 1671 312 1710 osus:
334 1671 425 1729 eaque
439 1657 501 1711 erat
514 1670 581 1710 cum
599 1669 709 1732 summo
729 1651 859 1726 ingenio,
878 1657 940 1711 turn
960 1656 1102 1714 exereitu-

231 1751 358 1812 tionibus
390 1753 523 1811 maximis
553 1756 734 1810 consecutus.
765 1769 827 1808 rem
854 1754 1101 1827 complectebatur

231 1851 405 1920 memoriter,
418 1851 568 1908 dividebat
581 1854 675 1917 acute,
695 1867 751 1908 nec
773 1852 1024 1924 praetermittebat
1043 1853 1100 1910 lero

231 1951 394 2026 quidquam,
405 1951 479 2026 qnod
493 1955 570 2018 esset
583 1949 614 2008 in
628 1965 724 2017 causa,
738 1953 788 2007 aut
807 1949 844 2006 ad
864 1950 1100 2020 confirmandum,

148 2039 167 2055 '‘
231 2052 332 2107 autad
345 2051 541 2108 refellendum.
562 2064 758 2116 uouemere,
779 2052 808 2104 et
828 2047 935 2106 suavis.
956 2054 1052 2108 motus
1071 2053 1100 2108 et

231 2152 328 2220 gestus
348 2147 437 2204 etiam
456 2149 520 2218 plus
544 2146 613 2202 artis
640 2147 774 2214 babebat,
798 2163 884 2222 quam
905 2152 968 2205 erat
994 2148 1099 2206 oratori

228 2242 309 2298 satis.
351 2243 417 2299 lloc
440 2242 527 2314 igitur
550 2243 730 2312 florescente,
754 2245 874 2302 Crassus
896 2249 941 2302 est
964 2251 1100 2314 mortuus,

231 2339 320 2400 Cotta
334 2341 439 2422 pulsus,
454 2339 569 2414 judicia
581 2339 746 2399 intermissa
769 2345 856 2412 bello,
877 2360 930 2402 nos
952 2343 985 2400 in
1008 2339 1100 2402 lorum

230 2439 374 2504 venimus.
402 2439 474 2497 Erat
488 2439 658 2498 Hortensius
672 2440 703 2498 in
714 2442 801 2510 bello,
812 2442 904 2515 primo
917 2460 996 2500 anno
1006 2443 1100 2512 miles,

231 2541 322 2598 altero
346 2537 474 2598 tribunus
502 2538 646 2596 militum:
680 2525 826 2614 Sulpicius
853 2544 964 2616 legatus
989 2543 1099 2610 aberat,

230 2638 319 2696 etiarn
334 2637 377 2695 M.
394 2636 557 2695 Antonius:
579 2635 768 2696 exercebatur
788 2656 847 2696 una
869 2642 933 2712 lege
951 2639 1098 2713 judicium

230 2737 331 2806 Varia,
358 2736 462 2810 ceteris
489 2739 606 2810 propter
626 2738 733 2795 bellum
759 2736 950 2796 intermissis:
971 2739 1021 2813 qui
1045 2739 1098 2797 lre·

229 2844 350 2915 quentes
372 2839 492 2895 aderant
517 2832 701 2912 (quamquam
727 2853 779 2908 pro
804 2853 835 2894 se
863 2837 919 2910 ipsi
946 2835 1097 2915 dicebant)
1201 2879 1202 2918 ;

228 2944 364 3006 oratores,
378 2956 437 2995 non
450 2935 495 3014 illi
518 2935 634 3010 quidem
655 2933 810 3008 principes,
834 2935 870 2993 L.
897 2935 1054 2993 Memmius
1069 2940 1098 2993 et
1201 2969 1202 3008 ι

229 3038 267 3108 Q.
283 3035 446 3109 Pompejus,
460 3035 511 3090 sed
524 3037 651 3091 oratores
666 3038 772 3100 tamen,
792 3038 866 3091 teste
895 3034 1003 3092 diserto
1025 3040 1099 3094 uter·

179 2485 219 2542 89

258 3186 459 3247 satornana]
491 3185 535 3232 aa.
553 3186 611 3232 vn..
628 3185 695 3234 Mea.
712 3185 879 3245 emanente.
911 3187 948 3235 ux
963 3156 1097 3246 arunas

228 3247 258 3292 de
267 3243 423 3290 vernleetione
433 3245 508 3289 debet.
540 3244 702 3302 lntelligendae
715 3250 790 3292 autern
806 3253 857 3294 sunt
873 3261 971 3294 summae
986 3247 1098 3294 dictorum

227 3303 265 3351 vel
273 3315 288 3347 a
297 3301 367 3358 nobis,
374 3302 411 3346 uel
423 3302 452 3346 ab
462 3302 519 3356 aliis,
528 3306 554 3347 ut
563 3315 576 3346 e
589 3301 729 3362 sequentihus
739 3308 823 3410 garten
839 3306 873 3352 eui
884 3305 916 3351 rei
926 3305 1018 3352 videtur
1026 3305 1098 3366 aptius

228 3360 364 3414 comanente,
375 3373 440 3420 quarn
450 3359 608 3416 conjunctionis
618 3360 722 3408 verbum:
762 3378 778 3410 r.
788 3383 911 3430 navemn,
919 3368 944 3411 ut
950 3363 1005 3410 dicit
1013 3364 1060 3411 cin
1068 3363 1097 3410 ad

163 3472 170 3484 ,
227 3427 378 3537 affinio
389 3440 520 3488 quamquam
529 3440 570 3472 nee
579 3427 622 3473 boe
631 3427 734 3476 alienum.
746 3431 775 3476 de
785 3430 832 3476 luv.
842 3431 860 3488 l,
868 3433 903 3478 rb.
913 3431 1041 3492 appellavit
1049 3445 1100 3480 cun-

256 3569 267 3602 ⁴
281 3563 656 3672 ῑπέιῖῠοηίιὲιιέρίεινὶιτιιὶεςιιιι]
672 3563 713 3613 int.
731 3528 833 3626 diligens,
848 3566 959 3614 delectum
972 3566 1031 3616 bere
1045 3567 1097 3614 lart-

227 3641 272 3674 ΒΜ.
288 3641 310 3672 V.
349 3641 384 3672 SV.
454 3657 459 3669 ·
487 3656 492 3669 .
