2436 4192
498 330 639 382 ousion„
943 337 1000 400 197

139 493 200 540 non
209 476 388 542 inventione
398 476 512 536 vicerit
542 477 598 540 ast
610 477 700 548 enim,
713 479 745 536 ul
757 476 1003 540 intrausterendis

137 576 367 654 ⁵⁰faciendisque
386 577 483 636 verbis
497 577 685 652 tranquillior,
696 577 739 634 sic
750 575 782 634 in
796 575 867 650 ipsis
881 580 1004 638 numeris

136 677 272 736 sedatior.
314 675 439 752 Gorgias
452 680 549 736 autem
567 675 681 734 avidior
693 679 739 732 est
752 674 868 750 generis
887 675 957 749 ejus,
976 683 1007 734 et

137 774 184 832 his
205 774 412 835 festivitatibus
432 772 490 852 (sic
514 774 595 832 enim
615 773 678 848 ipse
698 770 814 850 censet)
834 773 1007 832 insolentius

136 873 278 932 abutitur:
300 891 370 948 quas
394 875 538 932 Isocrates
559 869 641 946 (cum
664 877 763 930 mmen
786 873 949 931 audivisset
975 873 1007 932 in

135 971 294 1030 Thessalia
304 973 474 1032 adolescens
482 989 583 1030 senem
590 971 655 1046 jam
667 967 820 1048 Gorgiam)
831 971 1006 1033 moderatius

135 1069 318 1144 temperavit.
361 1070 530 1143 Quinetiam
563 1087 596 1126 se
629 1069 692 1142 ipse
720 1073 840 1136 tantum,
867 1075 1007 1144 quantum

133 1172 231 1226 aetate
246 1169 432 1242 procedebat,
443 1164 556 1243 (prope
577 1167 657 1224 enim
676 1171 795 1226 centum
808 1168 936 1226 coniecit
957 1187 1005 1228 an·

135 1263 211 1344 nos)
223 1268 370 1326 relaxarat
382 1283 400 1322 a
412 1263 504 1322 nimia
516 1265 907 1340 necessitate-numeromm:
928 1269 1005 1342 quod

132 1365 263 1424 declarat
275 1365 307 1422 in
321 1383 358 1422 eo
371 1363 453 1434 libro,
470 1380 555 1436 quem
569 1364 606 1420 ad
620 1362 786 1438 Philippum
809 1363 1003 1426 Macedonem

131 1463 258 1536 scripsit,
271 1479 338 1522 cum
345 1461 409 1536 jam
423 1461 577 1520 admodum
591 1466 668 1519 esset
682 1479 792 1520 senex:
807 1462 839 1522 in
859 1482 915 1538 quo
928 1465 1002 1524 dicit

120 1576 200 1640 ssese
219 1559 313 1618 miuus
331 1560 395 1632 jam
407 1559 515 1616 servire
535 1560 671 1630 numeris,
690 1578 776 1634 qnam
789 1559 891 1620 solitus
913 1569 1000 1622 esset.

131 1659 182 1716 lta
200 1675 260 1718 non
272 1658 358 1718 modo
379 1657 547 1732 superiores,
567 1657 724 1716 sedetiam
738 1676 771 1716 se
790 1659 854 1732 ipse
867 1677 1000 1720 correxe-

132 1761 186 1816 rat.

171 1857 318 1930 Quoniam
337 1857 424 1934 igitur
435 1858 575 1916 habemus
596 1860 681 1932 aptae
694 1855 834 1916 orationis
853 1875 902 1916 eos
922 1859 998 1932 prin-
1009 1855 1052 1918 53

127 1953 220 2029 cipes,
239 1960 437 2029 auctoresque,
455 1953 554 2029 ⁵⁹quos
572 1955 707 2022 diximus,
730 1960 761 2011 et
774 1955 855 2029 origo
875 1956 999 2016 inventa

126 2057 190 2111 est:
210 2067 300 2110 causa
318 2057 478 2128 quaeratur.
500 2067 574 2127 quae
592 2051 636 2110 sic
656 2055 756 2126 aperta
774 2056 828 2120 est,
848 2058 880 2110 nt
902 2054 997 2124 muer,

125 2149 148 2184 ⁰⁰
161 2155 277 2208 veteres
290 2166 350 2210 non
370 2168 433 2208 esse
447 2154 616 2218 commotos,
634 2151 803 2224 praesertim
816 2169 891 2221 cum,
909 2157 941 2210 ut
953 2155 995 2222 lit,

124 2248 242 2320 fortuito
252 2265 338 2324 saepe
352 2247 460 2324 aliquid
473 2249 611 2307 concluse
622 2253 745 2324 apteque
756 2249 904 2308 dicerent:
917 2255 993 2326 quod

123 2363 191 2408 oum
203 2348 314 2405 animos
325 2347 483 2414 hominum,
493 2364 633 2424 auresque
645 2348 812 2422 pepulisset,
823 2355 855 2407 ut
865 2349 991 2426 intelligi

122 2451 229 2522 posset,
250 2445 290 2516 id,
311 2449 386 2520 quod
400 2463 483 2504 casus
506 2446 664 2515 effudisset,
684 2447 829 2504 cecidisse
845 2449 988 2520 jucunde:

121 2544 283 2606 notandum
293 2548 371 2602 certe
381 2561 483 2616 genus,
492 2547 577 2618 atque
587 2543 644 2616 ipsi
654 2543 710 2601 sibi
719 2533 854 2602 imitandi
864 2545 988 2606 luerunt.

119 2644 219 2704 Aures
243 2641 332 2708 enim,
358 2643 408 2700 vel
431 2639 543 2698 animus
570 2641 681 2700 aurimn
701 2643 804 2702 nuntio
826 2647 988 2706 naturalem

118 2740 266 2820 quandam
285 2739 317 2801 in
330 2755 362 2796 se
382 2737 514 2794 continet
530 2753 636 2796 vocum
654 2740 782 2798 omnium
794 2743 985 2804 mensionem.

119 2843 223 2918 ltaque
237 2843 267 2897 et
280 2835 411 2912 longiora
426 2840 457 2894 et
471 2836 606 2894 breviora
616 2838 740 2910 judicat,
758 2846 789 2898 et
808 2843 935 2914 perlecta
949 2859 985 2904 ac

118 2941 267 3000 moderata
280 2953 393 3010 semper
409 2939 570 3009 exspectat.
612 2935 718 2993 Mutila
731 2938 821 2995 sentit
834 2943 982 3014 quaedam,

117 3044 148 3097 st
161 3036 243 3116 quasi
252 3037 417 3095 decurtata:
437 3033 549 3110 quibus,
562 3038 708 3110 tamquam
718 3035 816 3095 debito
828 3037 980 3114 fraudetur,

142 3189 345 3252 assessurae]
375 3190 448 3238 Abest
461 3191 497 3238 ed.
508 3189 567 3238 Vsu.
897 3255 899 3260 ι

142 3271 166 3305 ⁸⁰
178 3285 231 3330 quos
243 3269 361 3332 dicimus]
392 3266 430 3317 Sic
442 3269 562 3318 recteedd.
578 3267 645 3316 Med.
656 3268 708 3318 Aac.
719 3269 792 3340 didm
806 3272 906 3322 dicimur.
918 3277 977 3336 quod

112 3333 232 3448 &muffet
247 3327 296 3376 Ms.
321 3327 369 3376 vit.
393 3332 418 3375 et
436 3329 471 3376 ed.
489 3328 547 3376 Ven.
568 3329 659 3375 habent.
694 3327 805 3378 ommes
821 3333 920 3380 semrit
935 3333 975 3381 Fr.

142 3465 164 3497 ⁰⁰
177 3445 258 3512 cetum
269 3479 315 3513 mn
326 3479 369 3512 esse
378 3466 505 3526 commotos]
536 3465 609 3514 Possit
618 3467 683 3514 alicui
696 3466 720 3514 in
729 3472 825 3516 meatem
835 3469 911 3516 renim
920 3483 976 3524 cone

111 3523 216 3570 metus.-
229 3524 323 3584 quiesse
331 3539 405 3572 sensus
414 3525 436 3570 h.
453 3525 469 3570 l.
480 3524 555 3582 debet,
570 3530 594 3572 et
605 3525 692 3573 nonita
706 3527 778 3573 multo
791 3533 841 3588 post
849 3531 881 3574 est
892 3529 975 3572 notura

111 3583 246 3632 moeste
257 3583 297 3630 sed
304 3581 373 3632 εῒίειῑη
381 3581 502 3632 muueris
511 3581 598 3643 dicitnr,
608 3589 634 3632 ut
642 3584 692 3634 mir.
701 3599 721 3632 a
732 3589 768 3635 ⁵1.

148 3678 218 3722 ron.
240 3680 286 3722 ur.
529 3667 565 3720 l8
