2460 4184
229 289 288 364 ιω
577 293 711 344 ancum.

225 433 314 501 etiam
338 455 405 500 cnm
429 438 602 510 P.'0rasso,
626 442 669 499 M.
684 443 719 500 F.
740 459 808 500 cum
831 441 916 505 initio
933 441 1042 502 aetatis
1058 445 1097 502 ad

226 542 387 601 amicitiam
401 560 432 598 se
451 559 546 598 meam
569 541 748 608 contulisset,
768 559 855 616 saepe
869 542 963 616 egisse
984 559 1034 602 me
1056 559 1099 600 ar·

151 657 154 662 ·
227 640 325 709 bitror,
339 657 413 698 cum*
427 657 493 696 eum
507 641 697 696 vehementer
710 641 848 709 hortarer,
870 646 901 699 ut
914 658 980 699 earn
1003 642 1097 700 laudis

227 739 308 799 viam
328 739 518 796 rectissimam
531 756 595 794 esse
616 739 744 807 duceret,
757 757 842 814 quam
857 739 978 813 mqjores
993 739 1055 814 qius
1068 738 1098 797 ei

226 840 324 897 tritam
335 836 524 911 reliquissent.
566 837 636 894 Erat
649 837 805 894 enimcum
816 837 965 896 institutus
977 837 1098 914 optime,

227 944 288 996 tum
308 935 398 994 etiam
411 935 548 1009 perfecte,
561 937 703 1010 planeque
724 935 870 992 eruditus:
892 936 1044 1010 ineratque
1067 941 1098 994 et

215 1036 376 1112 ‘ingenium
390 1033 461 1092 satis
474 1050 550 1102 acre,
564 1039 594 1091 et
607 1032 744 1092 orationis
754 1051 814 1090 non
828 1033 979 1108 inelegans
993 1035 1096 1108 copia:

226 1141 432 1214 praetereaque
446 1133 510 1190 siue
524 1131 687 1204 arrogantia
700 1131 797 1206 gravis
811 1149 874 1188 esse
888 1132 1052 1200 videbatur,
1065 1138 1097 1190 et

226 1235 292 1292 sine
301 1232 426 1308 segnitia
436 1231 628 1290 verecundus.
670 1230 729 1286 Sed
740 1230 817 1287 hunc
828 1246 939 1304 quoque
949 1230 1099 1288 absorbuit

226 1337 322 1390 aestus
331 1330 446 1404 quidam
455 1347 514 1386 non
523 1329 658 1386 insolitae
669 1327 900 1387 adolescentibus
908 1327 1032 1402 gloriae:
1048 1329 1098 1404 qui

225 1427 515 1505 quianavaratmiles
529 1444 648 1499 operam
662 1425 836 1498 imperatori,
850 1425 1054 1500 imperatorem
1066 1445 1100 1484 sc

225 1527 324 1588 statim
333 1543 396 1583 esse
404 1524 558 1598 cupiebat:
572 1524 621 1581 cui
630 1523 741 1582 muneri
751 1541 813 1581 mos
822 1523 1098 1598 majorumaetatern

225 1632 345 1693 certam,
358 1629 464 1684 sortem
477 1622 619 1680 incertam
633 1622 757 1698 reliquit.
799 1623 847 1680 lta
858 1621 1031 1702 grauissimo
1045 1641 1098 1682 sno

225 1741 304 1792 casu,
317 1725 386 1782 dum
401 1722 474 1798 Gyri
494 1726 524 1778 et
540 1720 705 1778 Alexandri
725 1720 828 1788 similis
847 1738 912 1778 esse
929 1722 1033 1789 voluit,
1046 1722 1097 1798 qui

225 1840 308 1882 suurn
321 1837 435 1880 cursum
449 1825 693 1889 transcurrerent3
714 1824 745 1875 et
769 1819 804 1876 L.
820 1816 929 1887 Crassi,
942 1824 972 1877 et
993 1823 1097 1878 multo·

175 1932 215 1990 82
227 1941 288 1982 rum
303 1923 470 1980 Crassorum
491 1919 632 1976 inventus
652 1923 697 1976 est
717 1917 934 1976 dissimillimus.
976 1919 1037 1978 Sed
1059 1922 1098 1979 ad

227 2023 354 2082 Calvum
375 2017 413 2098 (is
427 2018 506 2077 enim
525 2017 684 2076 nobiserat
706 2013 880 2093 propositus)
899 2023 1095 2082 revertamur:

224 2121 299 2194 ”qui
312 2124 407 2176 orator
420 2118 529 2184 inisset,
543 2133 610 2174 cum
624 2115 728 2176 litteris
741 2114 885 2182 eruditior,
896 2129 982 2188 qnam
996 2113 1096 2185 Curio,

226 2224 287 2276 tum
300 2217 390 2272 etiam
403 2213 563 2272 accuratius
578 2215 719 2286 quoddam
742 2212 861 2271 dicendi
880 2217 910 2269 et
923 2211 1096 2288 exquisitius

225 2314 363 2372 afferebat
375 2327 482 2384 genus:
503 2310 578 2384 quod
591 2326 761 2384 quamquam
785 2311 913 2368 scienter
934 2313 1096 2386 eleganter·

224 2429 280 2487 qne
295 2410 445 2476 tractabat,
466 2405 589 2466 nimium
603 2412 700 2465 tamen
724 2407 870 2484 inquirens
894 2407 926 2466 in
946 2427 988 2478 se,
1008 2415 1095 2486 atque

224 2513 287 2584 ipse
300 2525 364 2566 sese
378 2508 545 2574 observans,
559 2511 745 2580 metuensque
766 2525 804 2563 ne
819 2507 956 2564 vitiosum
974 2509 1095 2583 collige·

223 2614 277 2677 ret,
301 2609 390 2666 etiam
415 2623 515 2664 verum
537 2605 706 2680 sangninem
725 2603 971 2679 adspernans*
989 2607 1093 2684 ltaque

223 2709 284 2782 ejus
298 2705 390 2764 oratio
403 2699 498 2763 nimia
507 2704 647 2778 religione
660 2707 817 2771 attenuata,
831 2704 924 2762 doctis
936 2708 967 2760 et
979 2708 1092 2766 attente

223 2805 406 2866 audientibus
427 2808 489 2861 erat
507 2800 640 2860 illustris:
662 2819 680 2859 a
704 2800 887 2864 multitudine
907 2806 1015 2872 autem,
1029 2808 1060 2860 et
1074 2819 1094 2860 a

218 2907 293 2975 toro,
303 2905 352 2964 cui
365 2909 435 2964 nata
448 2902 614 2978 eloquentia
625 2905 678 2969 est,
690 2901 892 2957 devorabatur.

223 3116 229 3128 .
251 3059 273 3092 ⁰⁰
282 3051 322 3116 qus*
330 3057 496 3126 mbrfatpsd,
507 3069 565 3124 qam,
573 3055 634 3124 etei
658 3052 747 3100 iitisset
754 3051 857 3098 vitiosum
868 3059 922 3109 esse,
932 3053 1093 3123 animadvertit

218 3112 847 3243 aalmalataurttsaamaest
858 3111 1092 3231 ,staterae

220 3231 280 3280 bat?
295 3231 376 3278 demde
385 3233 423 3278 ud
431 3245 475 3278 non
484 3235 529 3276 cort
538 3243 587 3274 eum
597 3235 684 3285 ceteras,
694 3229 732 3275 sad
742 3229 851 3276 noceor
859 3254 869 3263 -
877 3229 1009 3300 -affsretnt
1042 3230 1092 3288 Ego

221 3305 264 3336 non
282 3289 354 3335 audeo
369 3290 488 3336 decernere
504 3288 534 3333 de
549 3287 591 3332 hoc
606 3287 668 3332 loeo:
684 3289 723 3334 sed
739 3292 763 3333 et
779 3291 851 3334 arator
867 3287 921 3334 nuln
931 3301 945 3332 e
954 3286 1029 3346 glossa
1043 3301 1091 3334 esse

220 3348 455 3450 videtur:·(quorsum
475 3345 534 3416 eqim
553 3343 670 3413 addituril
693 3350 717 3391 et
724 3345 781 3416 suit
800 3345 923 3404 legendum.
964 3347 1086 3416 Scnrpulqa

220 3411 320 3470 superest
329 3420 351 3450 rn
369 3421 443 3450 orma:
453 3407 509 3461 fast
518 3418 569 3450 cam
579 3403 649 3448 latam
664 3404 779 3460 modam,
789 3408 836 3451 tum
845 3431 855 3440 ·
863 3431 874 3440 -
883 3404 995 3464 efferata.
1008 3421 1059 3452 narn
1068 3419 1091 3452 ru

221 3467 262 3513 bac
272 3464 396 3520 tormasuit
405 3478 456 3509 ram
465 3489 492 3498 --
503 3466 558 3515 tam,
575 3460 676 3522 utrinque
692 3461 802 3520 adjectiva
811 3477 859 3508 esse
871 3465 950 3508 nolent.
984 3463 1089 3512 Dicamus

205 3527 348 3586 ,ciceronem
357 3524 503 3576 4,ququ
512 3519 629 3580 scripsisse,
639 3527 662 3565 et
669 3521 697 3568 ab
703 3521 814 3579 adjectivo
822 3522 850 3568 ad
858 3521 949 3568 verboru
958 3519 1071 3568 detexisse
1075 3521 1093 3588 i·

249 3615 268 3648 ⁸¹
284 3610 428 3672 deperdebat]
461 3609 518 3658 Edd.
531 3625 563 3673 pr.
576 3609 714 3668 dependebat.
746 3609 826 3662 Rivius
836 3610 934 3660 conenit
942 3614 967 3661 st
977 3609 1059 3660 aditur.
