2460 4184
184 299 227 362 pp
566 290 693 346 undulis

183 433 400 516 graviter-,tum
420 444 457 512 ab
480 445 621 518 exemplis
640 443 767 516 copiose,
788 447 849 500 tum
873 443 963 511 varie,
987 449 1056 516 tum,
1125 446 1133 456 “

183 541 273 598 etiam
286 541 406 610 ridicule
417 549 447 599 et
460 529 554 598 tacete
567 541 727 614 explicans,
742 559 807 600 eam
826 541 1048 602 admirationem

184 640 436 714 assensionemque
455 640 622 716 commovit,
645 625 816 700 dixissent
839 645 940 698 contra
963 656 1057 714 nemo,

185 737 340 813 videretur.
381 739 446 808 Hoc
460 743 522 794 erat
535 738 654 794 oratoris
670 738 801 817 officium
823 737 977 810 partitione
998 743 1053 800 ter·

183 835 266 903 tium,
278 853 384 908 genere
397 835 564 894 maximum.
576 835 634 892 Hic
648 835 699 892 ille
718 837 755 916 de
773 838 878 910 populo
885 837 988 910 judex,
1002 825 1052 910 qui

183 936 337 1005 separatim
351 935 471 990 alterum
484 933 642 1012 admiratus
652 939 737 1000 esset,
750 933 836 1001 idem,
858 934 956 990 audito
976 936 1048 990 alte-

101 1045 104 1054 *
127 1089 130 1093 ,
184 1047 225 1097 ro,
234 1030 377 1102 judicium
389 1023 473 1090 'suum
486 1036 694 1088 contemneret.
715 1036 746 1088 at
759 1048 829 1089 vero
840 1031 1009 1104 intelligens
1022 1035 1053 1090 et

135 1184 141 1204 ⁸
183 1127 295 1195 doctus,
314 1128 434 1186 audiens
463 1129 646 1206 Scaevolam,
673 1119 793 1186 sentiret
816 1147 879 1186 esse
906 1131 1051 1204 quoddam

183 1227 298 1284 uberius
312 1227 429 1284 dicendi
442 1245 532 1300 genus
546 1233 576 1284 et
588 1227 725 1284 ornatius.
758 1228 806 1284 Ab
815 1232 932 1303 unoque
941 1232 1051 1295 antem,

183 1339 271 1380 causa
285 1330 424 1396 perorato,
439 1324 464 1380 si
477 1330 668 1398 quaereretur,
688 1330 751 1382 uter
771 1331 927 1398 praestaret
946 1330 1051 1392 orator,

184 1438 337 1496 numquam
350 1422 477 1494 prolecto
495 1407 633 1494 sapientis
647 1422 792 1494 judicium
812 1423 955 1496 ajudicio
970 1423 1051 1498 vulgi

130 1514 174 1577 ⁵4
184 1517 368 1590 discreparet
409 1519 467 1590 Qui
480 1525 605 1592 praestat
615 1521 702 1602 igitur
715 1521 880 1595 intelligens
895 1522 1029 1594 imperito
1039 1519 1056 1598 i,

184 1633 289 1688 magna
303 1634 344 1673 re·
357 1622 387 1674 et
399 1617 511 1674 difficili
525 1637 533 1672 ι
554 1617 579 1674 si
602 1618 718 1691 quidem
740 1619 882 1692 magnum·
896 1626 941 1676 est
964 1620 1050 1687 scire,

183 1713 284 1788 quibus
295 1716 378 1770 rebus
391 1715 540 1786 efficiatur,
551 1716 734 1772 amittaturve
747 1718 873 1774 dicendo
886 1717 957 1794 illud
968 1718 1048 1792 quid·

184 1811 251 1888 quid
273 1818 326 1879 est,
349 1815 424 1887 quod
450 1819 500 1869 aut
521 1814 597 1870 effici
610 1814 734 1872 dicendo
747 1819 869 1886 oportet,
892 1820 941 1872 aut
955 1815 1052 1874 amitti

183 1889 242 1986 non
261 1915 381 1984 oportet.
423 1912 553 1968 Praestat
572 1911 661 1968 etiam
682 1913 733 1969 illo
753 1914 855 1970 doctus
874 1913 988 1970 auditor
1006 1915 1051 1971 in·

183 2011 280 2078 docto,
293 2013 368 2086 quod
381 2029 477 2082 saepe,
487 2029 554 2068 oum
567 2017 692 2068 oratores
703 2013 768 2078 duo,
778 2018 827 2069 aut
841 2013 935 2084 plures
949 2012 1049 2086 populi

176 2108 290 2179 judicio
315 2113 475 2180 probantur,
495 2109 570 2183 quod
592 2109 709 2166 dicendi
733 2104 826 2182 genus
847 2110 986 2182 optimum
1000 2111 1049 2180 sit,

183 2205 329 2275 intelligit.
350 2224 418 2262 nam
441 2206 521 2271 illud,
543 2207 618 2278 quod
638 2209 743 2278 populo
763 2225 821 2264 non
842 2211 984 2282 probatur,
1009 2227 1049 2266 ne

182 2300 358 2372 intelligenti
370 2285 485 2374 quidem
503 2303 608 2358 oratori
630 2304 741 2374 probari
761 2311 864 2377 potest.
905 2307 948 2363 Ut
966 2307 1047 2364 enim

181 2416 221 2456 ex
244 2415 397 2455 nervorum
411 2417 482 2456 sono
505 2399 535 2456 in
559 2400 671 2466 fidibus,
685 2419 769 2476 quam
783 2404 910 2474 scienter
929 2404 958 2461 ei
972 2405 1048 2478 pulsi

181 2498 250 2564 sint,
263 2497 388 2569 intelligi
402 2500 491 2555 solet:
511 2498 554 2555 sic
576 2517 613 2556 ex
634 2501 793 2558 animorum
806 2503 1047 2591 motulcernitur,

181 2596 249 2672 quid
261 2596 417 2652 tractandis
432 2595 477 2652 his
490 2597 620 2669 perficiat
633 2604 735 2656 orator.
765 2601 865 2678 ltaque
880 2601 1047 2679 intelligens

181 2693 299 2752 dicendi
313 2693 501 2762 existimator,
515 2714 573 2760 uon
587 2697 727 2764 assidens,
741 2703 771 2755 et
784 2704 904 2766 attente
916 2685 1047 2770 audiens,

181 2795 232 2852 sed
251 2811 310 2879 unp
330 2795 476 2866 adspectu,
497 2802 527 2851 et
546 2794 732 2868 praeteriens,
758 2799 795 2854 de
820 2801 931 2854 oratore
958 2817 1046 2872 saepe

174 2892 299 2965 judicat.
339 2893 433 2950 Videt
451 2894 623 2976 oscitantem
644 2895 783 2965 judicem,
803 2897 967 2970 loquentem
977 2915 1046 2956 cum

180 2992 281 3066 altero,
295 2983 508 3064 nonnumquam
522 2992 610 3052 etiam
633 2993 831 3060 simulantem,
850 2991 869 3024 ²¹
881 2995 1045 3058 mittentem
1052 3053 1059 3070 ,-

180 3087 218 3143 ed
232 3088 323 3152 horas,
337 3089 535 3161 quaesitorem,
554 3094 585 3145 ut
605 3089 740 3157 dimittat,
754 3071 918 3168 rogantem}
938 3092 1046 3164 interlif

180 3173 232 3257 git,
246 3189 385 3242 oratorem
394 3185 425 3242 in
434 3204 469 3243 ea
482 3205 569 3244 causa
579 3205 637 3244 non
648 3189 757 3257 adesse,
768 3189 817 3263 qui
828 3169 919 3264 possit
939 3191 1045 3248 animis

208 3337 230 3384 ἶ*
246 3335 365 3383 vidualem
379 3337 410 3383 od
423 3337 495 3399 harus]
510 3339 550 3384 int.
572 3353 658 3386 servum
677 3341 706 3387 ad
726 3341 852 3402 clepsydras
867 3342 1002 3402 judiciarias,
1020 3349 1047 3392 ut

179 3393 264 3449 videat,
274 3398 298 3440 et
311 3397 399 3452 referat,
410 3411 438 3441 an
448 3400 534 3456 tempus
543 3397 620 3444 Quum
630 3399 659 3444 ad
673 3399 790 3446 dicendum
805 3417 855 3446 mox
872 3402 981 3449 exiturum
1000 3403 1045 3464 sit3

178 3453 238 3523 quod
249 3457 282 3498 est
290 3452 358 3500 taedii
367 3463 391 3500 et
400 3453 550 3509 impatientiae
560 3455 650 3514 signum.
681 3459 726 3504 Sed
734 3459 824 3505 dubium
833 3460 928 3516 videtur,
946 3475 975 3506 an
991 3462 1046 3508 loro

169 3512 319 3626 Jffiim
333 3513 393 3575 qrrcd
406 3526 450 3573 ego
464 3513 561 3562 noudum
578 3515 657 3578 reperi
689 3519 727 3566 An
745 3518 802 3566 torte
816 3518 905 3580 scripsit
917 3519 999 3567 Cicero
1012 3519 1046 3572 ad
