2250 4072
345 335 539 386 onauoatan
554 332 769 383 Psarrmorrss
925 336 990 397 283

120 483 246 542 uitetur:
286 486 419 552 alterum,
456 483 532 559 quod
560 482 598 538 ad
629 479 651 514 ⁸⁶
664 479 782 555 aliquod
808 481 990 538 commodum

119 599 257 659 usumque
285 584 418 654 refertum
448 587 489 650 ut,
510 581 750 656 quemadmodum
771 579 810 636 sit
829 580 990 651 respublica

119 680 356 748 administranda,
371 688 429 749 ant,
458 681 699 756 quemadmodum
712 678 745 735 in
766 682 933 751 paupertate
947 678 990 734 vi·

117 780 254 836 vendam.
291 781 398 836 Rursus
413 785 511 837 autem
525 777 753 853 ex‘ooguitionis
767 775 989 843 consultatione,

119 877 178 945 nbi,
192 878 239 945 sit,
249 895 343 935 necne
356 880 403 946 sit,
417 883 467 936 ant
479 876 574 943 luerit,
589 876 753 933 futurumve
767 876 814 941 sit,
836 875 989 949 quaeritur,

117 993 206 1033 unum
219 995 309 1050 genus
333 983 379 1034 est
400 976 589 1052 quaestionis,
613 975 744 1048 possitne
767 973 874 1048 aliquid
889 971 989 1031 ellici?

117 1079 159 1142 ut,
167 1092 234 1132 cum
247 1075 399 1149 quaeritur,
407 1074 577 1150 ecquisnam
587 1073 715 1148 perfecte
726 1073 841 1147 sapiens
852 1090 916 1129 esse
927 1090 990 1145 pos·

112 1169 175 1231 sit?
194 1175 324 1242 alterum,
335 1175 575 1248 quemadmodum
585 1174 709 1248 quidque
720 1174 788 1242 liat3
810 1179 851 1239 ut,
865 1189 989 1246 quonam

114 1277 201 1346 paolo
225 1273 316 1331 virtus
340 1275 474 1347 pariatur,
489 1280 637 1339 naturane,
660 1272 834 1339 curatione,
856 1290 894 1328 uu
910 1269 989 1330 usu?
1043 1272 1052 1282 ’

112 1373 207 1445 cujus
220 1372 335 1444 generis
357 1378 424 1430 sunt
448 1390 558 1439 omnes,
582 1370 738 1445 inquibus,
760 1375 792 1427 ut
814 1371 845 1428 in
859 1370 990 1428 obscuris

115 1470 348 1545 naturalibusque
369 1470 595 1547 quaestionibus,
619 1486 724 1527 causae
748 1470 933 1545 rationesque
948 1489 991 1526 re·

112 1584 176 1626 rom
191 1568 383 1641 explicantur.
424 1571 507 1629 Illius
521 1574 619 1627 autern
633 1568 759 1643 generis,
780 1568 811 1624 in
832 1586 898 1643 quo,
921 1569 990 1644 quid
1004 1577 1042 1634 19

116 1667 155 1724 sit
168 1666 208 1734 id,
222 1668 259 1723 de
273 1684 329 1741 quo
340 1668 441 1741 agitur,
455 1671 609 1744 quaeritur,
623 1670 681 1725 duo
695 1672 762 1725 sunt
776 1684 902 1741 generat
923 1685 990 1741 quo·

117 1782 182 1824 rum
203 1765 234 1822 in
257 1767 348 1822 altero
369 1765 572 1839 disputandum
594 1774 647 1836 est,
672 1766 751 1824 aliud
776 1784 814 1822 an
833 1766 919 1824 ⁴idern
941 1766 989 1834 sit,

117 1862 140 1907 Ψ
149 1869 181 1921 ut
194 1864 355 1937 pertinacia
367 1871 397 1923 et
410 1868 642 1938 perseverantia:
662 1867 694 1924 in
709 1869 801 1924 altero
814 1870 920 1933 autern,
940 1867 989 1924 de·

114 1963 236 2036 scriptio
248 1964 362 2036 generis
387 1963 523 2035 alicujus,
543 1971 573 2021 et
587 1967 669 2040 quasi
689 1967 786 2040 imago
798 1964 989 2039 exprimenda

114 2067 170 2128 est,
183 2067 224 2129 ut,
233 2060 325 2136 qualis
334 2063 372 2118 sil
386 2079 500 2130 avarus,
511 2069 561 2119 aut
570 2065 638 2139 quid
653 2063 692 2120 sit
705 2065 848 2138 snperbia.
883 2064 988 2120 Tertio

117 2166 216 2217 aulem
228 2161 260 2219 in
273 2178 390 2235 genere,
416 2161 525 2235 inquo,
540 2163 624 2235 quale
639 2163 685 2231 sit,
707 2165 861 2239 quaeritur,
880 2167 931 2220 aut
950 2164 987 2220 de

117 2259 279 2326 honestato,
293 2264 342 2317 aut
353 2261 389 2316 de
404 2259 540 2327 utilitate,
554 2264 603 2317 aut
617 2261 653 2318 de
672 2244 818 2336 aequitate
830 2262 987 2320 dicendum

115 2362 170 2414 est
211 2359 259 2413 De
273 2359 425 2414 honestate
439 2357 500 2414 sic:
521 2363 563 2426 ut,
586 2360 788 2416 Honestumne
802 2361 840 2417 sit
853 2379 905 2432 pro
917 2361 986 2418 arni·

115 2471 154 2512 oo
167 2453 326 2527 periculum
350 2460 400 2512 aut
422 2455 568 2513 invidiam
590 2457 696 2514 subire.
738 2459 786 2514 De
800 2457 925 2514 ulilitate
938 2477 985 2515 au-

114 2556 175 2609 tem
188 2553 250 2609 sic:
272 2557 312 2620 ut,
334 2552 417 2610 Sitne
436 2554 517 2622 utile,
539 2553 570 2610 in
592 2555 741 2627 republica
760 2554 987 2613 administranda

115 2652 236 2706 versari.
278 2652 325 2708 De
350 2653 496 2727 aequitate
520 2670 591 2709 vero
604 2653 670 2710 sic:
691 2658 731 2721 ut,
757 2654 842 2709 Sitne
856 2671 986 2727 aequum,

114 2747 224 2806 amicos
246 2749 377 2822 cognatis
392 2751 544 2807 anteferre.
588 2752 685 2824 Atque
699 2750 730 2807 in
745 2753 800 2809 hoe
819 2753 922 2808 eodem
939 2770 989 2825 ge·

115 2863 195 2914 nere,
208 2847 239 2903 in
253 2865 318 2921 quo,
338 2850 422 2922 quale
435 2848 482 2916 sit,
495 2849 649 2923 quaeritur,
669 2849 798 2906 exoritur
810 2850 888 2906 aliud
901 2851 986 2923 quod·

117 2947 185 3003 dam
204 2946 371 3018 disputandi
385 2964 485 3020 genus.
526 2949 555 3004 N
557 2965 596 3006 on
617 2948 697 3005 enim
710 2947 882 3021 simpliciter
895 2950 986 3007 solum

115 3043 268 3121 quaeritur,
282 3044 350 3117 quid
365 3046 519 3102 honestum
533 3047 581 3114 sit,
595 3047 664 3121 quid
677 3047 759 3112 utile,
772 3045 841 3120 qnid
854 3063 985 3120 aequum,

113 3142 268 3201 sedetiam
283 3158 322 3196 ex
341 3147 570 3215 comparatione,
595 3144 663 3219 quid
677 3145 835 3214 honestius,
849 3145 918 3219 quid
932 3147 986 3202 uti·

114 3238 177 3306 lius,
192 3239 259 3313 quid
274 3236 408 3311 aequius:
430 3247 517 3315 atque
541 3244 639 3311 etiam,
658 3244 728 3318 quid
742 3243 984 3312 honestissimum,

115 3338 181 3419 quid
207 3336 399 3402 utilissimum,
423 3339 493 3411 quid
513 3341 740 3416 aequissimum:
764 3343 847 3417 cqjus
870 3343 983 3416 generis

106 3538 113 3549 q
144 3487 165 3521 ⁸⁵
179 3489 361 3550 stipandum]
393 3489 614 3552 advenerim
622 3497 797 3544 mmmditutem.

70 3596 72 3609 .
120 3568 363 3683 mmmmm]
393 3569 440 3616 Ms.
453 3568 481 3615 V.
491 3571 634 3625 semmaa.
645 3590 712 3636 supra
728 3590 758 3621 ur.
768 3589 783 3620 s
797 3571 928 3632 adscripsit:
944 3571 982 3620 alii
