2436 4192
469 353 613 405 ORATOR.
914 366 978 426 219

102 500 183 560 nihil
199 487 486 560 estenimnecesse:
508 505 547 569 et,
561 501 586 559 si
608 501 677 577 quid
701 505 789 570 esset,
808 501 837 560 ld
860 523 979 564 necesse

102 605 208 658 tamen
221 617 281 660 nou
295 608 356 658 erat
369 599 509 656 conliteri.
551 600 590 656 Et
615 602 663 658 hic
687 603 814 675 quidem,
841 604 890 677 qui
906 604 981 661 hanc

104 717 123 756 a
136 699 255 774 Laelio,
275 697 340 754 ¹³ad
355 715 439 772 quem
461 697 584 771 scripsit,
605 699 654 756 cui
674 717 706 756 se
728 707 839 774 purgat,
865 701 982 758 veniam

104 797 191 870 petit,
214 796 349 854 utrutitur
362 813 398 852 ea
411 795 582 870 trajectione
598 800 758 865 verborum,
772 804 802 856 et
825 797 919 856 nihilo
943 805 983 858 ta·

104 912 175 952 men
204 895 299 968 aptius
318 897 427 968 explet,
451 895 657 969 concluditque
681 897 850 954 sententias.
894 898 983 972 Apud

104 993 183 1051 alios
197 1000 305 1060 autem,
318 1000 348 1050 et
362 993 509 1051 Asiaticos
523 994 660 1062 maxime,
675 1011 793 1052 numero
810 996 983 1066 servientes,

105 1091 259 1152 inculcata
272 1093 397 1166 reperias
412 1092 512 1150 inanis
526 1094 666 1166 quaedam
681 1095 780 1162 verbe,
800 1095 881 1168 quasi
905 1111 983 1152 com·

106 1191 259 1264 plementa
269 1209 461 1249 numerorum.
504 1191 577 1248 Sunt
590 1190 679 1248 eliam
692 1192 740 1266 qui
748 1192 800 1249 illo
813 1193 896 1261 vitio,
907 1195 983 1268 quod
1048 1223 1059 1232 -

106 1291 143 1349 ab
156 1291 287 1366 Hegesia
301 1290 429 1348 maxime
444 1289 537 1356 fluxit,
558 1289 759 1365 iniringendis,
780 1292 981 1348 concidendis-

107 1406 163 1464 que
190 1389 318 1446 numeris
340 1389 370 1446 in
396 1389 539 1464 quoddam
560 1407 651 1463 genus
674 1391 818 1466 abjectum
840 1390 980 1460 incidant,

108 1488 278 1544 Siculorum
292 1487 479 1546 simillimum.
521 1489 655 1546 Tertium
678 1494 731 1557 est,
745 1490 776 1547 in
797 1507 853 1564 quo
866 1491 980 1547 luerunt

106 1585 214 1642 tratres
228 1586 283 1654 illi,
293 1586 486 1644 Asiaticorum
500 1588 643 1644 rhetorum
652 1588 808 1662 principes,
818 1587 980 1656 Hierocles,

107 1689 138 1741 et
163 1685 327 1753 Menecles,
354 1686 473 1743 minime
500 1703 565 1742 mea
591 1685 738 1742 sententia
761 1686 980 1742 contemnendi.

109 1782 176 1840 Etsi
190 1783 302 1842 enima
327 1785 417 1841 forma
438 1785 570 1840 veritatis
591 1789 624 1839 et
648 1784 686 1839 ab
705 1783 870 1844 Atticorum
884 1763 983 1856 regula

109 1883 226 1950 absunt,
242 1889 338 1940 tamen
354 1884 409 1938 hoc
431 1881 535 1937 vitium
554 1886 744 1952 compensant
768 1883 815 1937 vel
836 1882 982 1948 facultate,

110 1983 161 2036 vel
186 1981 283 2052 copia.
326 1979 385 2036 Sed
409 1979 485 2051 apud
508 1995 558 2033 eos
582 1978 706 2034 varietas
726 1995 786 2036 non
813 1985 884 2047 erat,
907 1978 983 2052 quod

109 2077 284 2134 omniafere
298 2077 545 2134 concludebantur
555 2092 613 2132 uno
627 2077 720 2132 modo.
751 2077 834 2147 Quae
846 2076 920 2133 vitia
934 2075 984 2151 qui

109 2175 227 2250 ingerit,
238 2184 270 2233 ut
285 2194 376 2251 neque
388 2177 507 2234 verbum
521 2174 562 2232 ita
572 2173 706 2248 trajiciat,
714 2181 746 2232 ut
756 2177 786 2233 id
797 2175 834 2232 de
842 2175 983 2234 industria

109 2274 221 2334 lactum
248 2275 435 2351 intelligatur,
470 2293 564 2350 neque
591 2273 747 2332 inferciens
776 2277 873 2342 verba,
901 2273 982 2349 quasi

111 2371 199 2432 rimus
214 2369 340 2447 expleat,
350 2393 405 2433 nee
419 2375 544 2432 minutos
560 2391 692 2432 numeros
701 2391 833 2447 sequens,
843 2374 982 2432 concidat

113 2472 317 2546 delumbetque
331 2473 501 2540 sententias,
515 2489 571 2528 nec
590 2471 654 2527 sine
676 2473 735 2526 ulla
757 2470 982 2528 commutatione

113 2568 145 2626 in
159 2571 265 2628 eodem
276 2585 389 2642 semper
403 2575 532 2626 versetur
546 2583 651 2642 genere
664 2583 863 2624 numerorum:
884 2566 909 2623 is
925 2584 983 2622 om·

114 2668 165 2726 uia
173 2667 234 2724 lere
244 2666 318 2723 vitia
326 2666 473 2722 vitaverit.
483 2683 549 2722 nam
560 2667 596 2720 de
605 2663 734 2720 laudibus
749 2666 838 2722 multa
848 2665 983 2731 diximus,
994 2665 1035 2728 70

115 2765 218 2838 quibus
233 2771 299 2822 sunt
319 2764 377 2822 alis
397 2761 576 2836 ¹⁴perspicua
595 2762 669 2818 vitia
692 2765 845 2821 contraria.
887 2765 984 2835 Quan-

116 2865 176 2921 tum
199 2868 297 2920 autem
317 2863 356 2919 sit
383 2866 451 2935 apte
474 2859 582 2926 dicere,
608 2859 734 2932 experiri
760 2860 840 2926 licet,
858 2858 912 2915 ¹⁵si
935 2863 985 2918 aut

116 2961 270 3035 compositi
283 2960 402 3019 oratoris
424 2960 507 3016 bene*
524 2963 662 3016 structam
683 2957 906 3015 collocationem
928 2958 983 3016 dis-

118 3063 215 3119 solvas
247 3058 456 3134 permutatione
481 3060 642 3114 verborum.
671 3051 880 3131 (corrumpatur
904 3057 983 3116 enim

146 3235 168 3267 ¹³
181 3235 212 3282 aa
220 3247 284 3295 quem
291 3235 384 3292 scripsit,
393 3235 432 3281 oui
442 3250 464 3280 sa
471 3233 572 3293 purgat]
603 3231 651 3277 Cur
664 3233 739 3277 autem
751 3229 842 3278 diversis
858 3230 913 3280 haec
927 3237 983 3279 tem·

120 3293 218 3352 poribus:
235 3299 259 3339 et
268 3294 400 3364 nonqcrsslltt,
408 3295 506 3352 purgat?

148 3372 168 3404 ¹⁴
180 3373 362 3434 perspicaces]
396 3372 454 3420 lidd.
466 3371 531 3418 Med.
544 3370 606 3426 Ald,
616 3373 658 3416 etc.
668 3369 791 3426 perspicuo,
802 3367 817 3414 i.
828 3382 847 3414 e.
859 3369 983 3423 manifesta.

123 3442 159 3475 sua
168 3437 247 3492 sponte
253 3431 411 3490 intelligenda5
426 3431 455 3475 de
464 3430 541 3492 quibus
549 3431 623 3476 dicere
633 3429 688 3474 nihil
697 3428 791 3483 attinet,
806 3426 873 3489 idque
886 3425 967 3486 recepi.

149 3509 169 3542 ¹⁵
184 3510 386 3570 siautmmpositi]
419 3508 478 3554 Vide
503 3523 552 3554 unm
567 3509 633 3566 louge
647 3505 715 3554 distet
733 3505 785 3551 hinc
802 3504 897 3550 alterum
915 3513 984 3546 mem-

122 3563 199 3614 buun:
216 3572 257 3614 aut
271 3569 291 3614 ai
307 3569 406 3628 alicujus
421 3523 537 3626 inuadit,
547 3573 591 3614 etc.
624 3565 650 3612 ld
665 3569 690 3612 ut
705 3563 771 3610 facile
786 3561 983 3617 minadvextatrr,

123 3625 349 3682 neminemne·
358 3626 444 3674 addidi.
