2444 4192
330 339 522 390 onsroulsu
536 339 757 392 Psnulsrobus.
919 346 981 410 W

114 482 163 542 bis
177 485 363 554 oonfirnmtis,
377 489 414 546 sd
425 487 600 562 propositum
610 489 717 556 retulit,
729 494 816 563 utque
828 492 980 550 oonolurit.

115 583 174 640 llle
188 588 286 642 eutem
300 587 390 644 altero
402 585 629 660 argumentatio„
641 587 723 662 quasi
736 593 812 644 rotro
830 591 860 644 et
874 594 982 655 oontru,

114 677 136 711 '⁹
146 681 225 754 prius
239 682 333 749 sumit,
353 701 427 758 quoe
442 687 513 752 vult,
527 703 618 760 eaque
636 687 803 746 oonlirmot:
824 685 931 742 deinde
945 686 984 754 id,

116 781 193 854 quod
208 783 424 854 proponendum
437 783 498 850 luit,
518 784 653 856 permotis
674 783 778 842 animis
794 784 985 857 1001100οι-

112 883 247 934 tremum.
288 878 371 937 το1101
384 884 482 938 autem
495 882 547 938 illo
562 882 686 940 varietus
700 883 731 940 in
749 883 985 958 argumentando,

111 979 144 1033 et
168 994 227 1034 non
251 977 409 1052 iniucunda
427 980 594 1038 distinctio:
622 985 663 1048 ut,
686 997 753 1038 oum
776 981 983 1056 interrogamus

112 1078 314 1151 nosmetipsi,
337 1084 386 1136 out
406 1059 636 1152 pereunotamun
660 1079 912 1152 adimpleremus,
935 1083 985 1138 out

113 1179 256 1250 optamus,
273 1194 346 1251 quoe
367 1182 434 1234 sunt
452 1193 519 1234 oum
539 1176 603 1234 aliis
622 1178 814 1251 compluribus
828 1179 984 1236 sententis

112 1291 176 1330 rum
190 1279 369 1332 ornamenta.
411 1274 516 1332 Vitare
529 1280 627 1333 autem
640 1276 860 1334 similitudinem
880 1276 983 1349 poteri·

113 1389 189 1439 mus,
213 1389 272 1428 non
296 1391 410 1446 semper
433 1390 450 1430 u
473 1374 619 1446 proposito
637 1373 800 1432 ordientes:
829 1381 858 1432 et
879 1374 983 1434 sinon

110 1469 219 1526 omniu'
229 1467 249 1501 ¹¹
261 1470 433 1542 disputando
447 1473 687 1540 confirmabimus,
701 1473 882 1550 breviterque
895 1474 982 1548 inter·

109 1569 193 1634 dum,
214 1584 287 1641 quoe
302 1574 385 1626 erunt
398 1569 467 1627 satis
488 1576 596 1644 operta,
615 1588 772 1644 ponemus:
798 1573 929 1645 quodque
943 1589 982 1630 ex

110 1666 159 1722 his
184 1664 333 1734 efficietur,
352 1667 377 1724 si
400 1667 430 1726 id
455 1675 585 1742 apertum
598 1669 646 1735 sit,
668 1684 728 1724 non
750 1667 918 1725 habebimus
933 1686 982 1726 00·

109 1781 194 1822 essse
207 1782 322 1848 semper
332 1769 517 1826 oonoludere.

153 1863 190 1922 0.
207 1864 242 1920 F.
254 1862 353 1934 Quid?
373 1865 433 1933 illa,
446 1882 520 1938 quae
533 1864 597 1921 sine
621 1869 682 1922 arte
705 1868 895 1940 appellantur,
908 1883 981 1940 quoe
995 1861 1034 1918 14

50 2034 52 2036 ¹
102 1960 279 2034 jamdudum
296 1966 421 2021 assumto
441 1962 550 2028 dixisti,
569 1961 758 2038 ⁷²eoquorum
771 1967 866 2032 modo,
880 1981 982 2039 eoquo·

108 2078 181 2120 nom
204 2062 270 2117 looo
294 2061 362 2118 ortis
376 2059 535 2136 indigent?
568 2063 602 2120 0.
618 2064 652 2120 P.
673 2064 729 2120 Illo
742 2080 813 2121 vero
826 2064 959 2139 indigent
973 2084 980 2120 z

110 2176 170 2218 neo
185 2177 222 2216 eo
235 2158 370 2218 dicuntur
382 2160 446 2218 sine
460 2165 530 2230 orte,
544 2163 619 2236 quod
640 2162 682 2220 its
703 2169 778 2231 sunt,
792 2163 843 2220 sed
856 2163 932 2237 quod
945 2179 983 2220 00

110 2275 171 2316 000
187 2256 262 2332 perit
274 2259 394 2326 01010010
407 2277 463 2326 ars,
475 2261 528 2314 sod
551 2261 619 2316 loris
640 2263 678 2316 od
699 2279 732 2316 00
755 2263 861 2328 dolata,
882 2267 981 2320 101000

109 2363 173 2415 arte
188 2361 301 2426 tractet,
318 2361 348 2414 et
362 2357 489 2414 maxims
503 2356 534 2416 in
556 2359 686 2416 testibus.
727 2360 756 2416 N
758 2377 806 2418 um
819 2363 849 2416 et
868 2363 905 2418 de
919 2366 981 2420 toto

108 2473 218 2530 genere
230 2454 359 2521 testium,
371 2473 456 2528 quom
469 2456 499 2512 id
513 2455 551 2512 sit
561 2456 713 2522 infirmum,
727 2473 813 2530 saepe
823 2457 981 2516 dicendum
1016 2521 1020 2529 ,

109 2558 175 2610 est:
197 2556 227 2607 et
241 2556 418 2624 argumento,
442 2569 536 2608 rerum
559 2571 623 2608 0000
646 2552 777 2624 proprie:
805 2553 979 2626 testimonio,

108 2652 312 2708 voluntatum:
335 2650 527 2723 utendumque
552 2657 596 2706 est
610 2652 761 2724 exemplis,
785 2653 886 2727 quibus
900 2655 979 2714 tosti·

109 2750 164 2807 bus
173 2745 316 2804 creditum
330 2763 388 2803 non
402 2746 440 2804 sit
454 2767 461 2802 ε
483 2753 513 2805 01
526 2750 563 2805 (10
577 2749 697 2823 singulis
711 2751 840 2820 testibus,
859 2752 885 2810 si
898 2758 979 2812 natu·

135 2903 159 2936 19
172 2902 238 2960 prius
247 2902 322 2958 sumit,
333 2903 454 2963 promouit]
474 2906 498 2949 01
509 2903 569 2960 signa
579 2903 619 2960 rei,
630 2904 744 2966 exquibus
754 2905 834 2952 dooere
844 2905 905 2952 vult:
922 2908 980 2965 quod

106 2962 275 3018 proponendum
281 2962 342 3018 suit,
360 2965 402 3017 est,
418 2962 476 3024 quod
495 2962 587 3010 volebat
602 2964 664 3010 ellici.
700 2964 788 3024 Nempe
797 2964 875 3012 ordine
886 2964 979 3026 simplici

106 3021 201 3080 primum
216 3019 314 3078 dicimus,
332 3021 391 3082 quod
407 3021 526 3067 defendere
536 3021 643 3078 volumus,
660 3021 740 3068 deinde
749 3026 878 3080 arguments
894 3024 978 3082 subjici-

108 3093 169 3138 mus;
187 3079 222 3124 bio
231 3082 265 3125 001
273 3084 357 3126 contra.

139 3157 162 3190 '¹⁰
177 3154 219 3204 mi
228 3162 302 3203 obtem
310 3158 352 3204 illo
362 3159 393 3219 0.]
426 3159 472 3206 Ms.
486 3159 513 3207 lt.
525 3161 560 3207 ed.
580 3159 638 3207 Ven.
657 3160 728 3206 etum.
756 3160 815 3208 Mox
829 3167 910 3209 100001
922 3161 978 3221 ipsos

111 3229 151 3262 sor.
163 3219 244 3262 montet
252 3215 302 3272 ipsi,
313 3219 339 3262 ut
348 3216 400 3262 alibi
410 3224 451 3275 est,
462 3223 485 3264 et
493 3220 528 3266 lex
537 3219 646 3266 scribendi
656 3219 760 3280 postulat.

138 3294 159 3328 ⁷¹
175 3296 327 3354 consternendo
340 3295 518 3359 ommatium]
543 3299 593 3346 Ms.
605 3299 633 3346 u.
645 3299 680 3346 01.
691 3299 747 3346 Ven.
759 3299 890 3358 dummodo
898 3306 978 3364 confir·

109 3353 224 3402 malimus.
236 3355 294 3416 quod
307 3369 383 3400 venum
391 3359 432 3402 est.

139 3431 163 3464 '¹²
178 3447 292 3491 apsmmm
300 3433 380 3494 modo]
412 3433 483 3482 Abest
493 3435 540 3482 Ms.
553 3437 581 3483 11.
593 3441 617 3483 01
626 3439 661 3484 sd.
671 3437 728 3485 Ven.
738 3454 779 3486 nec
788 3441 840 3487 satis
850 3439 937 3502 ploret:
953 3443 976 3485 et

109 3489 213 3548 repeb'tio
229 3490 293 3538 verbi
306 3505 423 3551 00000000
439 3492 590 3552 trigidiusmla
600 3497 697 3544 videtur.
729 3499 814 3547 Contra
824 3499 854 3544 ab
867 3497 903 3543 sd.
917 3497 974 3554 Vsn.

111 3545 174 3596 abeo
183 3551 357 3609 0000000100.
