2474 4188
230 345 274 406 34
330 415 336 423 ἡ
364 300 368 314 Χ
608 341 742 393 munus.

229 487 311 547 illam
334 505 460 557 causam,
480 495 563 547 tanta
587 491 629 558 vi,
656 495 793 564 tantoque
820 479 964 564 gravitate
987 483 1102 547 dixisse

121 627 123 643 .
232 587 366 657 Galbam,
380 593 412 645 ut
426 587 577 646 nullaiers
590 588 806 660 obrectationis
825 587 1099 661 “silentiopraete
1182 573 1184 578 ’

231 685 343 744 nitetur.
385 689 486 761 ltsqm
500 687 598 744 multis
611 687 745 760 querelis,
756 689 901 760 multaque
915 685 1106 744 miseratione.

231 787 369 854 adbibita,
396 786 500 852 socios,
527 786 661 843 omnibus
688 786 921 860 approbantibus,
940 783 961 816 ⁵²
968 785 1020 842 illa
1044 785 1103 852 die,

178 889 221 948 ‘23
231 885 398 959 quaestione
411 885 548 941 liberatos
568 903 641 942 esse.
682 885 730 942 Ex
755 885 810 940 hac
835 883 985 941 Rutiliana
1006 899 1103 940 narra·

231 983 312 1040 tione
326 983 466 1057 suspicari
479 983 560 1051 licet,
573 1001 640 1040 cum
654 984 728 1040 duae
739 999 866 1040 summae
877 983 936 1040 siut
947 981 977 1038 in
989 987 1103 1038 oratore

231 1084 339 1150 laudes,
353 1099 411 1139 una
424 1082 567 1139 subtiliter
580 1081 754 1154 disputandi,
774 1083 811 1138 ad
830 1081 1008 1149 docendum
1032 1082 1108 1138 alte«

231 1195 263 1238 ra
276 1181 405 1254 graviter·
422 1179 536 1254 agendi,
550 1181 587 1236 ael
601 1181 713 1237 animos
733 1178 911 1236 audientium
931 1195 1104 1251 perrnoven·

231 1279 299 1347 elos3
320 1281 465 1352 multoque
476 1281 539 1351 plus
548 1279 678 1352 proficiat
688 1279 722 1344 is,
733 1277 781 1352 qui
791 1277 950 1334 inflammet
958 1275 1104 1350 judicem,

232 1393 317 1450 quam
330 1376 390 1443 ille,
405 1376 454 1450 qui
467 1377 589 1434 doceat:
610 1377 786 1450 elegantiam
801 1375 832 1432 in
853 1375 967 1443 Laelio,
987 1375 1051 1431 vim
1069 1375 1104 1432 in

232 1474 329 1532 (lelbe
342 1474 438 1532 inisse.
481 1475 563 1545 Quae
577 1475 692 1548 quidem
707 1474 752 1530 vis
767 1479 827 1532 tum
843 1473 972 1532 maxime
984 1472 1105 1547 cognitu

232 1579 286 1640 est,
323 1588 399 1642 oum,
436 1572 583 1631 Lusitanis
611 1574 712 1630 aSer.
728 1573 825 1630 Galba
845 1577 979 1646 praetore
1000 1577 1105 1629 contre

232 1673 440 1745 interpositum,
474 1677 507 1728 ut
533 1671 764 1739 existimabatur,
796 1671 892 1738 iidem,
930 1670 1106 1739 interiectis,

233 1769 274 1828 Τ.
302 1770 416 1827 Libone
443 1771 674 1844 tribunoplebis
707 1772 843 1844 populum
880 1769 1032 1837 incitante,
1068 1774 1103 1827 et

233 1868 411 1942 rogationem
437 1868 468 1926 in
496 1869 630 1937 Galbam,
657 1868 804 1943 privilegii
824 1847 958 1936 similem,
979 1869 1102 1937 terente,

233 1985 344 2026 sumnus
357 1973 518 2036 senectute,
531 1973 563 2025 ut
577 1973 647 2026 ente
658 1968 730 2037 elini,
755 1967 798 2025 Μ.
821 1967 897 2025 Cato
920 1968 1017 2042 legem
1036 1983 1103 2024 sua·

233 2069 306 2124 deus
332 2067 363 2124 in
389 2067 514 2124 Galbam
541 2069 632 2124 multa
658 2067 753 2124 dixit:
773 2081 859 2141 quum
886 2065 1046 2123 orationem
1069 2065 1104 2124 in

234 2164 369 2236 Origines
384 2181 448 2220 suas
462 2165 569 2231 retulit,
580 2165 681 2236 paucis
695 2170 848 2238 autequam
862 2168 986 2222 mortuus
999 2169 1053 2230 est,
1063 2181 1105 2222 on

233 2259 344 2328 diebus,
364 2277 401 2318 an
429 2260 599 2319 mensibus?
617 2261 727 2320 tuum
753 2264 841 2338 igitur
866 2263 940 2322 nihil
966 2280 1106 2324 reomaus

235 2357 332 2415 Galba
344 2349 395 2431 pro
408 2375 480 2428 sese,
501 2365 531 2418 et
551 2359 649 2434 pomuli
674 2362 798 2419 Romani
818 2363 912 2420 iidem
935 2363 1105 2436 implorans,

233 2473 300 2514 cum
314 2473 379 2514 suos
393 2457 504 2532 pueros,
518 2463 578 2516 tum
593 2460 627 2516 Ο.
643 2459 725 2516 Galli
738 2461 827 2517 etiam
840 2460 930 2518 lilium
941 2461 1012 2518 iens
1025 2477 1104 2519 com·

233 2551 404 2627 meudobat3
425 2559 506 2633 quus
520 2559 626 2616 orbitas
640 2563 671 2614 et
684 2558 766 2618 fletus
777 2559 849 2616 mire
863 2559 1035 2618 miserabilis
1049 2558 1104 2617 init
1177 2574 1184 2586 '

233 2647 349 2730 propter
369 2661 516 2714 recentem
535 2656 703 2714 memoriam
722 2657 874 2714 clarissimi
893 2657 999 2731 patris:
1020 2657 1103 2734 isque

234 2773 266 2813 se
285 2761 346 2812 tum
365 2755 469 2830 eripuit
489 2756 614 2825 tiammo,
638 2763 753 2830 propter
776 2773 878 2830 pueros
905 2755 1103 2812 misericordia

234 2854 332 2930 populi
353 2860 506 2923 commota,
527 2854 601 2913 siout
621 2854 699 2912 idem
719 2854 856 2927 scripturn
879 2852 994 2928 reliquit
1015 2853 1101 2911 Guto.

236 2955 334 3026 Atque
348 2955 436 3012 etium
448 2955 542 3029 ipsum
552 2954 695 3012 Libonem
716 2970 774 3010 nou
794 2952 934 3010 infantem
955 2952 1043 3008 video
1061 2951 1104 3008 iu·

234 3050 301 3118 isse,
319 3056 352 3108 ut
372 3070 410 3109 ex
433 3053 609 3110 orationibus
639 3053 700 3126 ejus
723 3051 854 3124 intelligi
880 3055 985 3125 potest.
1026 3051 1103 3108 (lum

233 3149 307 3206 haee
321 3149 470 3219 dixissem,
484 3155 513 3207 et
524 3153 651 3225 paullum
670 3147 933 3228 interquievissem,
947 3148 1027 3222 Quid
1049 3144 1104 3222 igi·

263 3301 283 3334 ⁵¹
297 3301 382 3348 silentur
388 3304 468 3364 proci]
484 3303 524 3350 int.
541 3302 686 3362 audientium,
697 3304 744 3351 sine
753 3304 832 3366 plausu
843 3307 867 3350 et
875 3301 1043 3376 acclamatione.

262 3379 285 3414 ⁵²
298 3380 341 3426 itta
350 3380 391 3425 dis.
434 3381 477 3427 ud.
488 3381 554 3428 Med.
564 3381 644 3430 etMs
661 3383 737 3438 Ornos.
749 3383 785 3430 dia
794 3399 837 3445 pro
852 3383 903 3430 uto.
920 3398 949 3431 so.
966 3395 994 3428 ex
1003 3381 1106 3428 illauota

231 3440 326 3496 famula
335 3439 380 3486 oto
439 3441 552 3500 ‘nilusque
560 3441 741 3497 approbantibus.

261 3519 284 3553 ⁵³
300 3517 360 3564 Turn
369 3517 442 3575 {gum
451 3519 510 3566 nibil
519 3519 574 3580 rec]
604 3517 690 3578 Recepi
700 3519 869 3568 nitileaner.
885 3520 923 3568 M.
932 3519 999 3576 Vlil,
1011 3523 1031 3566 l.
1048 3518 1108 3580 qnod

233 3583 337 3626 etaemus
360 3578 460 3640 requirit.
491 3579 512 3625 ll
532 3577 608 3623 Nonio
623 3579 732 3639 quaedam
747 3590 771 3627 et
785 3581 834 3630 aliis
848 3579 1004 3630 Grammaticis
1017 3577 1108 3638 Μὴ

232 3642 290 3696 nunt,
300 3651 338 3684 our
348 3652 391 3685 nou
400 3643 423 3686 et
433 3639 495 3686 boos
506 3635 620 3686 Valeriol
