2436 4192
233 342 297 400 m
605 327 747 383 aaaron,

232 477 800 560 Pctrtcdictnmscptrnatcncrr'tcsjltii
810 473 1006 558 comprobavit.
1038 479 1101 540 ltoc

233 582 372 640 ‹llohoreo
385 587 481 640 tantus
497 583 607 640 clamor
619 579 772 640 concionis
786 578 930 639 excitatns
941 584 998 648 est,
1012 583 1045 636 ut
1057 580 1102 636 ad·

234 683 367 754 mirabile
377 688 461 740 esset.
492 678 755 754 Quaero‚⁹³nonne
764 680 795 739 id
807 697 942 738 numerus
953 675 1102 738 effecerit?

234 781 414 840 ”verborum
435 780 567 838 ordinem
589 778 727 839 immuta:
759 780 806 836 sao
827 778 880 848 sic,
901 775 1102 856 Comprobavit.
1198 809 1199 862 3

226 878 289 961 flat
312 877 471 938 onmttcs:
483 879 547 954 jam
568 879 641 938 nihil
661 878 725 947 erit,
741 878 796 936 etsi
807 874 949 936 zamram
962 895 1002 936 ex
1017 878 1103 936 tribus
1198 869 1199 946 ξ

235 978 381 1048 brevibus,
395 983 426 1037 et
438 980 526 1054 longa
539 983 598 1038 est:
621 996 707 1055 quem
721 978 895 1038 Aristoteles
911 983 944 1036 ut
964 978 1103 1052 optimum

235 1081 355 1154 probat3
381 1096 399 1137 a
423 1093 480 1155 quo
500 1078 649 1138 dissentio.
692 1079 734 1136 At
757 1079 859 1138 eadem
881 1079 982 1146 verba,
1005 1079 1105 1134 eadem

236 1177 391 1236 sententia.
421 1178 520 1236 auimo
543 1179 617 1236 istud
639 1177 710 1236 satis
731 1182 784 1245 cst,
808 1176 922 1234 auribus
945 1174 1103 1234 nonsatis.

236 1277 296 1334 Sed
310 1277 340 1332 id
355 1278 482 1334 crebrius
504 1279 567 1335 fieri
580 1295 639 1334 uon
655 1281 777 1350 oportet.
818 1275 947 1332 Primum
964 1275 1045 1332 enim
1058 1292 1105 1332 nu·

234 1392 329 1432 ments
357 1376 562 1449 cognoscitur:
591 1376 698 1433 deinde
725 1376 830 1432 satiat:
865 1380 967 1448 postea
991 1375 1107 1450 cognita

184 1477 225 1536 tt
236 1473 376 1532 facilitate
403 1474 607 1532 contemnitur.
650 1477 710 1532 Sed
737 1479 804 1532 sunt
827 1477 975 1532 clausulae
1001 1478 1107 1548 plores.

237 1591 309 1650 quoe
332 1591 483 1632 numerose
501 1573 671 1655 etiucunde
693 1575 810 1631 cadant.
832 1591 900 1631 uam
917 1581 949 1631 et
972 1575 1105 1641 creticus,

238 1675 287 1749 qui
300 1679 345 1732 est
367 1677 495 1748 elonga,
509 1678 539 1730 ct
551 1673 646 1742 brevi,
669 1677 699 1729 et
721 1675 817 1749 longa,
836 1673 953 1747 'atejus
978 1674 1104 1748 aequalis

238 1791 341 1848 paeon,
352 1774 401 1848 qui
414 1773 509 1846 spatio
522 1791 573 1846 par
586 1777 639 1840 est,
653 1773 766 1845 syllaba
779 1773 910 1846 longior:
931 1791 1019 1848 quam
1033 1791 1105 1830 oom-

237 1873 405 1932 nouissime
417 1877 531 1946 putatur
541 1873 572 1929 in
584 1875 706 1928 solutam
717 1872 881 1929 orationem
900 1872 1018 1946 illigari,
1042 1889 1105 1930 cum

238 1972 278 2028 sit
290 1975 406 2046 duplex.
428 1989 496 2028 nam
508 1977 559 2028 aut
580 1990 598 2027 e
616 1975 713 2045 longa,
726 1977 756 2028 et
777 1973 867 2028 tribus
888 1972 1037 2040 brevibus,
1060 1973 1106 2047 qni

239 2089 373 2127 numanis
386 2071 417 2126 in
429 2071 522 2143 primo
535 2071 625 2142 viget„
641 2071 725 2142 jacet
738 2070 769 2126 iu
780 2075 929 2127 extremo:
951 2079 1002 2129 cot
1015 2090 1031 2128 c
1046 2072 1106 2128 toti·

237 2169 305 2224 dem
316 2167 500 2232 breviasset
510 2170 607 2238 longa,
616 2167 646 2224 iu
658 2187 745 2241 quern
754 2170 862 2240 optime
871 2171 976 2226 cadere
987 2175 1108 2230 censent
1198 2195 1199 2256 l

239 2268 372 2320 ratores:
393 2279 448 2334 ego
462 2279 521 2318 non
543 2266 629 2334 plane
652 2265 764 2338 rejicio,
788 2269 838 2324 sed
861 2268 934 2324 alios
952 2275 1106 2344 antepono.

239 2362 287 2419 Ne
308 2362 451 2435 spondeus
472 2361 587 2435 quidem
608 2362 736 2421 funditus
756 2371 800 2422 est
821 2367 1025 2439 repudiandus.
1047 2369 1108 2437 etsi,

239 2463 370 2537 quodast
383 2461 505 2534 clangis
519 2462 637 2530 duabus,
651 2463 785 2522 hebetior
798 2465 914 2522 videtur
932 2475 964 2523 ct
986 2467 1108 2537 tardiorr

239 2562 328 2619 habet
341 2567 439 2617 tamen
452 2561 586 2619 stabilem
599 2565 751 2636 quendam,
769 2569 800 2621 et
813 2582 872 2622 nou
887 2571 1039 2638 expertem
1052 2567 1109 2642 dig·

240 2660 340 2718 nitatis
359 2661 494 2732 gradum:
515 2661 546 2718 in
562 2661 752 2718 incisionibus
767 2681 838 2720 vero
853 2667 944 2722 multo
965 2667 1069 2740 magis,
1081 2671 1109 2722 et
1198 2661 1199 2714 l

241 2761 273 2819 iu
288 2759 432 2818 memhris.
454 2760 630 2833 paucitatem
654 2761 733 2818 enim
757 2764 862 2836 pedum
875 2765 1030 2837 gravitatis
1044 2781 1109 2824 suae

242 2861 378 2918 tarditate
392 2865 571 2932 compensat.
614 2861 672 2917 Sed
687 2861 738 2917 hos
749 2879 815 2918 oum
826 2863 857 2919 in
872 2864 1010 2920 clausulis
1025 2866 1109 2937 pedes

242 2959 371 3025 nomino,
389 2977 449 3016 non
467 2960 567 3032 loquor
587 2961 624 3016 ‹le
644 2978 702 3016 uuo
726 2963 799 3032 pede
821 2969 962 3018 extremo.
984 2963 1110 3038 adjungo

189 3029 209 3076 ⁹
243 3052 331 3132 (quod
352 3057 503 3114 minimum
525 3055 576 3135 sit)
600 3057 630 3088 ¹⁰⁰
638 3059 801 3131 proximum
815 3059 1003 3134 superiorem,
1025 3079 1109 3136 saepo

272 3201 294 3240 ω
308 3211 539 3273 nonno-efficerit]
570 3213 629 3258 Edu,
648 3211 890 3274 Med.Lips.numnc.
922 3215 1072 3264 Scribendum
1081 3221 1112 3264 col
1198 3181 1199 3240 ἒ

243 3269 372 3322 mennon,
383 3271 509 3327 anteffloit.
527 3271 585 3330 quod
595 3270 753 3330 magisplaeet.
1198 3299 1199 3312 r

273 3344 694 3416 “lombrnmmjdtmmatnsccsicl
726 3352 811 3400 Manus
820 3353 919 3400 doemiu
938 3354 975 3401 ed.
992 3355 1111 3417 [ripacor-

244 3409 311 3452 rcrnt:
328 3417 348 3448 c.
359 3404 438 3450 ardeae
447 3407 651 3462 tmmrttntofacste.
668 3423 712 3454 uon
721 3410 786 3456 male.
818 3413 862 3458 Sed
873 3412 913 3458 illa
923 3412 993 3459 incisa
1003 3415 1056 3460 huic
1066 3415 1113 3462 looo

244 3465 301 3514 bene
309 3463 447 3510 conveniunt.
479 3463 561 3510 Similis
570 3464 631 3512 loeus
639 3472 674 3514 ert
681 3484 699 3514 o.
709 3473 738 3517 'ld
762 3485 806 3516 non
816 3471 881 3528 longe
890 3487 904 3517 a
913 3471 1031 3533 principio.

275 3546 305 3577 ¹⁰⁰
317 3543 444 3602 proximum
460 3543 610 3608 superiorem]
641 3547 786 3595 Scribendum
802 3550 830 3596 dc
842 3565 904 3596 moro
920 3549 1038 3600 Ciceronis
1053 3555 1077 3598 et
1087 3565 1112 3602 ss
1198 3517 1199 3570 3

244 3602 359 3651 latinitate
369 3615 436 3650 voras
449 3603 550 3662 procilos
558 3617 607 3662 sup.
984 3627 997 3640 ‘
