<?xml version="1.0" encoding="UTF-8"?>
<!DOCTYPE html PUBLIC "-//W3C//DTD XHTML 1.0 Transitional//EN"
    "http://www.w3.org/TR/xhtml1/DTD/xhtml1-transitional.dtd">
<html xmlns="http://www.w3.org/1999/xhtml" xml:lang="en" lang="en">
 <head>
  <title>
</title>
<meta http-equiv="Content-Type" content="text/html;charset=utf-8" />
  <meta name='ocr-system' content='tesseract 3.04.00' />
  <meta name='ocr-capabilities' content='ocr_page ocr_carea ocr_par ocr_line ocrx_word'/>
</head>
<body>
  <div class='ocr_page' id='page_1' title='image "./mtvlliiciceroni09cicegoog/mtvlliiciceroni09cicegoog_0119.png"; bbox 0 0 2460 4184; ppageno 0'>
   <div class='ocr_carea' id='block_1_1' title="bbox 248 315 746 386">
    <p class='ocr_par' dir='ltr' id='par_1_1' title="bbox 248 315 746 386">
     <span class='ocr_line' id='line_1_1' title="bbox 248 315 746 386; baseline -0.004 -20"><span class='ocrx_word' id='word_1_1' title='bbox 248 325 309 386; x_wconf 75' lang='lat'><strong>110</strong></span> <span class='ocrx_word' id='word_1_2' title='bbox 612 315 746 386; x_wconf 72' lang='lat' dir='ltr'><strong>BllU&#39;lUt.</strong></span> 
     </span>
    </p>
   </div>
   <div class='ocr_carea' id='block_1_2' title="bbox 149 462 1222 3434">
    <p class='ocr_par' dir='ltr' id='par_1_2' title="bbox 149 462 1222 3434">
     <span class='ocr_line' id='line_1_2' title="bbox 244 462 1116 539; baseline 0 -15"><span class='ocrx_word' id='word_1_3' title='bbox 244 471 371 533; x_wconf 78' lang='lat' dir='ltr'><strong>mutum,</strong></span> <span class='ocrx_word' id='word_1_4' title='bbox 389 466 523 539; x_wconf 87' lang='lat' dir='ltr'><strong>prudens,</strong></span> <span class='ocrx_word' id='word_1_5' title='bbox 542 469 573 522; x_wconf 88' lang='lat' dir='ltr'><strong>et</strong></span> <span class='ocrx_word' id='word_1_6' title='bbox 596 465 674 522; x_wconf 86' lang='lat' dir='ltr'><strong>idem</strong></span> <span class='ocrx_word' id='word_1_7' title='bbox 688 464 841 532; x_wconf 77' lang='lat' dir='ltr'><strong>sincerum,</strong></span> <span class='ocrx_word' id='word_1_8' title='bbox 862 462 1072 533; x_wconf 58' lang='lat' dir='ltr'><strong>etflsolldum,</strong></span> <span class='ocrx_word' id='word_1_9' title='bbox 1085 472 1116 524; x_wconf 85' lang='lat' dir='ltr'><strong>et</strong></span> 
     </span>
     <span class='ocr_line' id='line_1_3' title="bbox 244 563 1117 638; baseline 0.002 -18"><span class='ocrx_word' id='word_1_10' title='bbox 244 563 428 622; x_wconf 76' lang='lat' dir='ltr'><strong>exsiccatum</strong></span> <span class='ocrx_word' id='word_1_11' title='bbox 442 581 532 637; x_wconf 83' lang='lat' dir='ltr'><strong>genus</strong></span> <span class='ocrx_word' id='word_1_12' title='bbox 543 563 681 622; x_wconf 89' lang='lat' dir='ltr'><strong>orationis</strong></span> <span class='ocrx_word' id='word_1_13' title='bbox 695 565 827 636; x_wconf 88' lang='lat' dir='ltr'><strong>probant,</strong></span> <span class='ocrx_word' id='word_1_14' title='bbox 847 581 903 621; x_wconf 87' lang='lat' dir='ltr'><strong>neo</strong></span> <span class='ocrx_word' id='word_1_15' title='bbox 916 563 968 621; x_wconf 89' lang='lat' dir='ltr'><strong>illo</strong></span> <span class='ocrx_word' id='word_1_16' title='bbox 981 565 1117 638; x_wconf 85' lang='lat' dir='ltr'><strong>graviore</strong></span> 
     </span>
     <span class='ocr_line' id='line_1_4' title="bbox 243 662 1116 738; baseline 0.001 -18"><span class='ocrx_word' id='word_1_17' title='bbox 243 667 346 720; x_wconf 86' lang='lat' dir='ltr'><strong>ornatu</strong></span> <span class='ocrx_word' id='word_1_18' title='bbox 367 662 491 720; x_wconf 88' lang='lat' dir='ltr'><strong>oratorio</strong></span> <span class='ocrx_word' id='word_1_19' title='bbox 504 666 629 730; x_wconf 92' lang='lat' dir='ltr'><strong>utuntur,</strong></span> <span class='ocrx_word' id='word_1_20' title='bbox 650 667 681 718; x_wconf 91' lang='lat' dir='ltr'><strong>et</strong></span> <span class='ocrx_word' id='word_1_21' title='bbox 693 663 749 719; x_wconf 87' lang='lat' dir='ltr'><strong>hoo</strong></span> <span class='ocrx_word' id='word_1_22' title='bbox 764 662 908 738; x_wconf 90' lang='lat' dir='ltr'><strong>proprium</strong></span> <span class='ocrx_word' id='word_1_23' title='bbox 921 680 984 720; x_wconf 84' lang='lat' dir='ltr'><strong>esse</strong></span> <span class='ocrx_word' id='word_1_24' title='bbox 1001 663 1116 722; x_wconf 83' lang='lat' dir='ltr'><strong>Attico-</strong></span> 
     </span>
     <span class='ocr_line' id='line_1_5' title="bbox 244 761 1113 830; baseline 0.001 -12"><span class='ocrx_word' id='word_1_25' title='bbox 244 779 305 818; x_wconf 88' lang='lat' dir='ltr'><strong>rum</strong></span> <span class='ocrx_word' id='word_1_26' title='bbox 319 763 437 830; x_wconf 77' lang='lat' dir='ltr'><strong>volunt3</strong></span> <span class='ocrx_word' id='word_1_27' title='bbox 457 764 536 818; x_wconf 86' lang='lat' dir='ltr'><strong>recte</strong></span> <span class='ocrx_word' id='word_1_28' title='bbox 558 762 687 818; x_wconf 82' lang='lat' dir='ltr'><strong>laudant.</strong></span> <span class='ocrx_word' id='word_1_29' title='bbox 728 761 782 818; x_wconf 87' lang='lat' dir='ltr'><strong>Est</strong></span> <span class='ocrx_word' id='word_1_30' title='bbox 795 761 874 818; x_wconf 90' lang='lat' dir='ltr'><strong>enim</strong></span> <span class='ocrx_word' id='word_1_31' title='bbox 893 761 1002 818; x_wconf 78' lang='lat' dir='ltr'><strong>inmte</strong></span> <span class='ocrx_word' id='word_1_32' title='bbox 1023 766 1113 830; x_wconf 80' lang='lat' dir='ltr'><strong>tanta,</strong></span> 
     </span>
     <span class='ocr_line' id='line_1_6' title="bbox 186 859 1114 934; baseline 0.002 -18"><span class='ocrx_word' id='word_1_33' title='bbox 186 887 189 896; x_wconf 91' lang='lat'>·</span> <span class='ocrx_word' id='word_1_34' title='bbox 243 864 358 934; x_wconf 83' lang='lat' dir='ltr'><strong>tamque</strong></span> <span class='ocrx_word' id='word_1_35' title='bbox 383 860 475 927; x_wconf 85' lang='lat' dir='ltr'><strong>varia,</strong></span> <span class='ocrx_word' id='word_1_36' title='bbox 506 859 595 917; x_wconf 83' lang='lat' dir='ltr'><strong>etiam</strong></span> <span class='ocrx_word' id='word_1_37' title='bbox 614 860 681 917; x_wconf 86' lang='lat' dir='ltr'><strong>hoie</strong></span> <span class='ocrx_word' id='word_1_38' title='bbox 705 859 833 918; x_wconf 86' lang='lat' dir='ltr'><strong>minutae</strong></span> <span class='ocrx_word' id='word_1_39' title='bbox 854 859 1009 930; x_wconf 79' lang='lat' dir='ltr'><strong>subtilitati</strong></span> <span class='ocrx_word' id='word_1_40' title='bbox 1024 862 1114 918; x_wconf 87' lang='lat' dir='ltr'><strong>loeus.</strong></span> 
     </span>
     <span class='ocr_line' id='line_1_7' title="bbox 243 957 1116 1032; baseline 0.002 -18"><span class='ocrx_word' id='word_1_41' title='bbox 243 957 285 1015; x_wconf 90' lang='lat' dir='ltr'><strong>ita</strong></span> <span class='ocrx_word' id='word_1_42' title='bbox 295 958 355 1026; x_wconf 89' lang='lat' dir='ltr'><strong>liet,</strong></span> <span class='ocrx_word' id='word_1_43' title='bbox 367 963 399 1015; x_wconf 92' lang='lat' dir='ltr'><strong>ut</strong></span> <span class='ocrx_word' id='word_1_44' title='bbox 410 975 468 1016; x_wconf 91' lang='lat' dir='ltr'><strong>nou</strong></span> <span class='ocrx_word' id='word_1_45' title='bbox 480 975 590 1026; x_wconf 88' lang='lat' dir='ltr'><strong>omnes,</strong></span> <span class='ocrx_word' id='word_1_46' title='bbox 601 957 649 1032; x_wconf 91' lang='lat' dir='ltr'><strong>qui</strong></span> <span class='ocrx_word' id='word_1_47' title='bbox 665 958 776 1025; x_wconf 80' lang='lat' dir='ltr'><strong>Attice,</strong></span> <span class='ocrx_word' id='word_1_48' title='bbox 789 957 878 1016; x_wconf 89' lang='lat' dir='ltr'><strong>iidem</strong></span> <span class='ocrx_word' id='word_1_49' title='bbox 892 960 986 1028; x_wconf 78' lang='lat' dir='ltr'><strong>bene3</strong></span> <span class='ocrx_word' id='word_1_50' title='bbox 1007 960 1070 1026; x_wconf 87' lang='lat' dir='ltr'><strong>sed,</strong></span> <span class='ocrx_word' id='word_1_51' title='bbox 1084 962 1116 1016; x_wconf 89' lang='lat' dir='ltr'><strong>ut</strong></span> 
     </span>
     <span class='ocr_line' id='line_1_8' title="bbox 149 1057 1115 1132; baseline 0 -18"><span class='ocrx_word' id='word_1_52' title='bbox 149 1083 154 1098; x_wconf 52' lang='grc' dir='ltr'><em>ι</em></span> <span class='ocrx_word' id='word_1_53' title='bbox 242 1074 354 1126; x_wconf 85' lang='lat' dir='ltr'><strong>omnes,</strong></span> <span class='ocrx_word' id='word_1_54' title='bbox 377 1057 426 1132; x_wconf 89' lang='lat' dir='ltr'><strong>qui</strong></span> <span class='ocrx_word' id='word_1_55' title='bbox 448 1059 532 1125; x_wconf 87' lang='lat' dir='ltr'><strong>hene,</strong></span> <span class='ocrx_word' id='word_1_56' title='bbox 553 1057 643 1114; x_wconf 89' lang='lat' dir='ltr'><strong>iidem</strong></span> <span class='ocrx_word' id='word_1_57' title='bbox 664 1057 752 1114; x_wconf 84' lang='lat' dir='ltr'><strong>etiam</strong></span> <span class='ocrx_word' id='word_1_58' title='bbox 775 1057 876 1115; x_wconf 85' lang='lat' dir='ltr'><strong>Attiee</strong></span> <span class='ocrx_word' id='word_1_59' title='bbox 900 1057 1010 1114; x_wconf 82' lang='lat' dir='ltr'><strong>dicant.</strong></span> <span class='ocrx_word' id='word_1_60' title='bbox 1054 1057 1115 1116; x_wconf 87' lang='lat' dir='ltr'><strong>Sed</strong></span> 
     </span>
     <span class='ocr_line' id='line_1_9' title="bbox 242 1155 761 1216; baseline 0 -4"><span class='ocrx_word' id='word_1_61' title='bbox 242 1157 392 1214; x_wconf 80' lang='lat' dir='ltr'>redeamus</span> <span class='ocrx_word' id='word_1_62' title='bbox 406 1174 500 1214; x_wconf 86' lang='lat' dir='ltr'><strong>rursus</strong></span> <span class='ocrx_word' id='word_1_63' title='bbox 514 1156 551 1214; x_wconf 82' lang='lat' dir='ltr'><strong>ad</strong></span> <span class='ocrx_word' id='word_1_64' title='bbox 566 1155 761 1216; x_wconf 85' lang='lat' dir='ltr'><strong>Hortensium.</strong></span> 
     </span>
     <span class='ocr_line' id='line_1_10' title="bbox 190 1246 1113 1329; baseline 0 -17"><span class='ocrx_word' id='word_1_65' title='bbox 190 1246 231 1304; x_wconf 78' lang='grc'><strong>35</strong></span> <span class='ocrx_word' id='word_1_66' title='bbox 285 1256 363 1312; x_wconf 83' lang='lat' dir='ltr'><strong>Sane</strong></span> <span class='ocrx_word' id='word_1_67' title='bbox 383 1255 509 1329; x_wconf 88' lang='lat' dir='ltr'><strong>quidem,</strong></span> <span class='ocrx_word' id='word_1_68' title='bbox 531 1255 626 1328; x_wconf 90' lang='lat' dir='ltr'><strong>inquit</strong></span> <span class='ocrx_word' id='word_1_69' title='bbox 640 1256 763 1312; x_wconf 89' lang='lat' dir='ltr'><strong>Brutus:</strong></span> <span class='ocrx_word' id='word_1_70' title='bbox 783 1271 954 1328; x_wconf 86' lang='lat' dir='ltr'><strong>quamquam</strong></span> <span class='ocrx_word' id='word_1_71' title='bbox 970 1253 1028 1312; x_wconf 78' lang='lat' dir='ltr'><strong>ista</strong></span> <span class='ocrx_word' id='word_1_72' title='bbox 1041 1253 1113 1312; x_wconf 88' lang='lat' dir='ltr'><strong>mihi</strong></span> 
     </span>
     <span class='ocr_line' id='line_1_11' title="bbox 241 1351 1222 1426; baseline 0 -18"><span class='ocrx_word' id='word_1_73' title='bbox 241 1356 292 1408; x_wconf 90' lang='lat' dir='ltr'><strong>tua</strong></span> <span class='ocrx_word' id='word_1_74' title='bbox 314 1352 368 1409; x_wconf 85' lang='lat' dir='ltr'><strong>tuit</strong></span> <span class='ocrx_word' id='word_1_75' title='bbox 390 1354 605 1425; x_wconf 68' lang='lat' dir='ltr'><strong>perjucundas</strong></span> <span class='ocrx_word' id='word_1_76' title='bbox 628 1351 774 1426; x_wconf 86' lang='lat' dir='ltr'><strong>proposita</strong></span> <span class='ocrx_word' id='word_1_77' title='bbox 800 1353 930 1410; x_wconf 86' lang='lat' dir='ltr'><strong>oratione</strong></span> <span class='ocrx_word' id='word_1_78' title='bbox 952 1351 1112 1426; x_wconf 77' lang='lat' dir='ltr'><strong>degressis.</strong></span> <span class='ocrx_word' id='word_1_79' title='bbox 1221 1371 1222 1390; x_wconf 70' lang='lat'><em>³</em></span> 
     </span>
     <span class='ocr_line' id='line_1_12' title="bbox 242 1450 1113 1525; baseline 0.001 -20"><span class='ocrx_word' id='word_1_80' title='bbox 242 1450 323 1506; x_wconf 78' lang='lat' dir='ltr'><strong>Tum</strong></span> <span class='ocrx_word' id='word_1_81' title='bbox 347 1450 473 1518; x_wconf 80' lang='lat' dir='ltr'><strong>Atticus,</strong></span> <span class='ocrx_word' id='word_1_82' title='bbox 500 1451 665 1524; x_wconf 88' lang='lat' dir='ltr'><strong>Aliquoties</strong></span> <span class='ocrx_word' id='word_1_83' title='bbox 688 1468 760 1518; x_wconf 89' lang='lat' dir='ltr'><strong>sum,</strong></span> <span class='ocrx_word' id='word_1_84' title='bbox 787 1450 889 1525; x_wconf 88' lang='lat' dir='ltr'><strong>iuquit,</strong></span> <span class='ocrx_word' id='word_1_85' title='bbox 914 1455 1048 1519; x_wconf 82' lang='lat' dir='ltr'><strong>conatus,</strong></span> <span class='ocrx_word' id='word_1_86' title='bbox 1061 1451 1113 1507; x_wconf 84' lang='lat' dir='ltr'><strong>sed</strong></span> 
     </span>
     <span class='ocr_line' id='line_1_13' title="bbox 241 1548 1113 1624; baseline 0.002 -20"><span class='ocrx_word' id='word_1_87' title='bbox 241 1548 425 1622; x_wconf 87' lang='lat' dir='ltr'><strong>interpellare</strong></span> <span class='ocrx_word' id='word_1_88' title='bbox 446 1549 536 1606; x_wconf 89' lang='lat' dir='ltr'><strong>uolui.</strong></span> <span class='ocrx_word' id='word_1_89' title='bbox 578 1549 676 1616; x_wconf 86' lang='lat' dir='ltr'><strong>Nunc,</strong></span> <span class='ocrx_word' id='word_1_90' title='bbox 700 1551 837 1624; x_wconf 88' lang='lat' dir='ltr'><strong>quoniam</strong></span> <span class='ocrx_word' id='word_1_91' title='bbox 860 1549 896 1606; x_wconf 87' lang='lat' dir='ltr'><strong>ad</strong></span> <span class='ocrx_word' id='word_1_92' title='bbox 921 1550 1113 1623; x_wconf 79' lang='lat' dir='ltr'><strong>perorandum</strong></span> 
     </span>
     <span class='ocr_line' id='line_1_14' title="bbox 240 1647 1115 1722; baseline -0.001 -18"><span class='ocrx_word' id='word_1_93' title='bbox 240 1652 372 1721; x_wconf 82' lang='lat' dir='ltr'><strong>spectare</strong></span> <span class='ocrx_word' id='word_1_94' title='bbox 387 1647 503 1706; x_wconf 88' lang='lat' dir='ltr'><strong>videtur</strong></span> <span class='ocrx_word' id='word_1_95' title='bbox 515 1665 611 1705; x_wconf 86' lang='lat' dir='ltr'><strong>sermo</strong></span> <span class='ocrx_word' id='word_1_96' title='bbox 623 1652 697 1715; x_wconf 88' lang='lat' dir='ltr'><strong>tuus,</strong></span> <span class='ocrx_word' id='word_1_97' title='bbox 716 1648 821 1716; x_wconf 79' lang='lat' dir='ltr'><strong>dicam,</strong></span> <span class='ocrx_word' id='word_1_98' title='bbox 835 1648 946 1721; x_wconf 81' lang='lat' dir='ltr'><strong>opinor,</strong></span> <span class='ocrx_word' id='word_1_99' title='bbox 959 1648 1037 1722; x_wconf 85' lang='lat' dir='ltr'><strong>quod</strong></span> <span class='ocrx_word' id='word_1_100' title='bbox 1051 1666 1115 1704; x_wconf 89' lang='lat' dir='ltr'><strong>sen·</strong></span> 
     </span>
     <span class='ocr_line' id='line_1_15' title="bbox 241 1744 1115 1820; baseline 0.001 -19"><span class='ocrx_word' id='word_1_101' title='bbox 241 1744 291 1802; x_wconf 88' lang='lat' dir='ltr'><strong>tio.</strong></span> <span class='ocrx_word' id='word_1_102' title='bbox 334 1746 384 1803; x_wconf 83' lang='lat' dir='ltr'><strong>Tu</strong></span> <span class='ocrx_word' id='word_1_103' title='bbox 398 1763 479 1813; x_wconf 88' lang='lat' dir='ltr'><strong>vero,</strong></span> <span class='ocrx_word' id='word_1_104' title='bbox 490 1746 617 1820; x_wconf 87' lang='lat' dir='ltr'><strong>inquam,</strong></span> <span class='ocrx_word' id='word_1_105' title='bbox 629 1745 711 1802; x_wconf 84' lang='lat' dir='ltr'><strong>Tite.</strong></span> <span class='ocrx_word' id='word_1_106' title='bbox 754 1747 834 1802; x_wconf 83' lang='lat' dir='ltr'><strong>Tum</strong></span> <span class='ocrx_word' id='word_1_107' title='bbox 847 1747 909 1814; x_wconf 89' lang='lat' dir='ltr'><strong>ille,</strong></span> <span class='ocrx_word' id='word_1_108' title='bbox 922 1745 996 1818; x_wconf 76' lang='lat' dir='ltr'><strong>Ego,</strong></span> <span class='ocrx_word' id='word_1_109' title='bbox 1011 1745 1115 1820; x_wconf 88' lang='lat' dir='ltr'><strong>inquit,</strong></span> 
     </span>
     <span class='ocr_line' id='line_1_16' title="bbox 240 1842 1222 1918; baseline -0.002 -16"><span class='ocrx_word' id='word_1_110' title='bbox 240 1843 364 1902; x_wconf 79' lang='lat' dir='ltr'><strong>ironiam</strong></span> <span class='ocrx_word' id='word_1_111' title='bbox 377 1843 470 1912; x_wconf 85' lang='lat' dir='ltr'><strong>illam,</strong></span> <span class='ocrx_word' id='word_1_112' title='bbox 484 1861 569 1917; x_wconf 86' lang='lat' dir='ltr'><strong>quam</strong></span> <span class='ocrx_word' id='word_1_113' title='bbox 582 1843 613 1900; x_wconf 90' lang='lat' dir='ltr'><strong>in</strong></span> <span class='ocrx_word' id='word_1_114' title='bbox 629 1846 750 1902; x_wconf 82' lang='lat' dir='ltr'><strong>Socrate</strong></span> <span class='ocrx_word' id='word_1_115' title='bbox 763 1843 864 1900; x_wconf 86' lang='lat' dir='ltr'><strong>dicunt</strong></span> <span class='ocrx_word' id='word_1_116' title='bbox 876 1842 974 1911; x_wconf 86' lang='lat' dir='ltr'><strong>inisse,</strong></span> <span class='ocrx_word' id='word_1_117' title='bbox 988 1861 1046 1918; x_wconf 85' lang='lat' dir='ltr'><strong>qun</strong></span> <span class='ocrx_word' id='word_1_118' title='bbox 1064 1843 1114 1900; x_wconf 87' lang='lat' dir='ltr'><strong>ille</strong></span> <span class='ocrx_word' id='word_1_119' title='bbox 1221 1881 1222 1912; x_wconf 60' lang='lat'><strong>,</strong></span> 
     </span>
     <span class='ocr_line' id='line_1_17' title="bbox 239 1925 1222 2015; baseline 0 -15"><span class='ocrx_word' id='word_1_120' title='bbox 239 1945 272 2002; x_wconf 91' lang='lat' dir='ltr'><strong>in</strong></span> <span class='ocrx_word' id='word_1_121' title='bbox 286 1943 427 2011; x_wconf 80' lang='lat' dir='ltr'><strong>Platonis,</strong></span> <span class='ocrx_word' id='word_1_122' title='bbox 441 1947 473 1999; x_wconf 92' lang='lat' dir='ltr'><strong>et</strong></span> <span class='ocrx_word' id='word_1_123' title='bbox 485 1942 700 2015; x_wconf 87' lang='lat' dir='ltr'><strong>Xenophontis,</strong></span> <span class='ocrx_word' id='word_1_124' title='bbox 713 1947 743 1999; x_wconf 92' lang='lat' dir='ltr'><strong>et</strong></span> <span class='ocrx_word' id='word_1_125' title='bbox 754 1942 912 2000; x_wconf 79' lang='lat' dir='ltr'><strong>Aeschinis</strong></span> <span class='ocrx_word' id='word_1_126' title='bbox 923 1942 1004 2004; x_wconf 85' lang='lat' dir='ltr'><strong>libris</strong></span> <span class='ocrx_word' id='word_1_127' title='bbox 1018 1943 1114 2010; x_wconf 87' lang='lat' dir='ltr'><strong>utitur,</strong></span> <span class='ocrx_word' id='word_1_128' title='bbox 1221 1925 1222 1968; x_wconf 61' lang='lat'>³</span> 
     </span>
     <span class='ocr_line' id='line_1_18' title="bbox 239 2040 1113 2124; baseline -0.002 -24"><span class='ocrx_word' id='word_1_129' title='bbox 239 2042 365 2100; x_wconf 78' lang='lat' dir='ltr'><strong>facetam</strong></span> <span class='ocrx_word' id='word_1_130' title='bbox 376 2047 406 2124; x_wconf 83' lang='lat' dir='ltr'><strong>et</strong></span> <span class='ocrx_word' id='word_1_131' title='bbox 416 2043 581 2114; x_wconf 81' lang='lat' dir='ltr'><strong>elegantem</strong></span> <span class='ocrx_word' id='word_1_132' title='bbox 594 2046 673 2114; x_wconf 89' lang='lat' dir='ltr'><strong>puto.</strong></span> <span class='ocrx_word' id='word_1_133' title='bbox 695 2045 741 2098; x_wconf 89' lang='lat' dir='ltr'><strong>est</strong></span> <span class='ocrx_word' id='word_1_134' title='bbox 754 2041 832 2100; x_wconf 89' lang='lat' dir='ltr'><strong>enim</strong></span> <span class='ocrx_word' id='word_1_135' title='bbox 846 2045 877 2098; x_wconf 84' lang='lat' dir='ltr'><strong>et</strong></span> <span class='ocrx_word' id='word_1_136' title='bbox 890 2040 1011 2098; x_wconf 87' lang='lat' dir='ltr'><strong>minime</strong></span> <span class='ocrx_word' id='word_1_137' title='bbox 1020 2040 1113 2114; x_wconf 87' lang='lat' dir='ltr'><strong>inepti</strong></span> 
     </span>
     <span class='ocr_line' id='line_1_19' title="bbox 242 2127 1221 2212; baseline 0 -16"><span class='ocrx_word' id='word_1_138' title='bbox 242 2138 378 2205; x_wconf 87' lang='lat' dir='ltr'><strong>hominis,</strong></span> <span class='ocrx_word' id='word_1_139' title='bbox 402 2144 433 2196; x_wconf 91' lang='lat' dir='ltr'><strong>et</strong></span> <span class='ocrx_word' id='word_1_140' title='bbox 454 2138 583 2210; x_wconf 84' lang='lat' dir='ltr'><strong>ejusdem</strong></span> <span class='ocrx_word' id='word_1_141' title='bbox 607 2139 698 2196; x_wconf 87' lang='lat' dir='ltr'><strong>etiam</strong></span> <span class='ocrx_word' id='word_1_142' title='bbox 710 2139 808 2207; x_wconf 81' lang='lat' dir='ltr'><strong>inosti,</strong></span> <span class='ocrx_word' id='word_1_143' title='bbox 829 2155 896 2196; x_wconf 89' lang='lat' dir='ltr'><strong>enm</strong></span> <span class='ocrx_word' id='word_1_144' title='bbox 917 2139 954 2196; x_wconf 88' lang='lat' dir='ltr'><strong>de</strong></span> <span class='ocrx_word' id='word_1_145' title='bbox 968 2137 1114 2212; x_wconf 82' lang='lat' dir='ltr'><strong>sapientia</strong></span> <span class='ocrx_word' id='word_1_146' title='bbox 1220 2127 1221 2130; x_wconf 26' lang='lat'>¹</span> 
     </span>
     <span class='ocr_line' id='line_1_20' title="bbox 237 2234 1113 2310; baseline 0.005 -20"><span class='ocrx_word' id='word_1_147' title='bbox 237 2235 425 2306; x_wconf 85' lang='lat' dir='ltr'><strong>disceptetur,</strong></span> <span class='ocrx_word' id='word_1_148' title='bbox 449 2235 526 2290; x_wconf 84' lang='lat' dir='ltr'><strong>hano</strong></span> <span class='ocrx_word' id='word_1_149' title='bbox 544 2234 601 2290; x_wconf 89' lang='lat' dir='ltr'><strong>sibi</strong></span> <span class='ocrx_word' id='word_1_150' title='bbox 623 2236 718 2308; x_wconf 90' lang='lat' dir='ltr'><strong>ipsum</strong></span> <span class='ocrx_word' id='word_1_151' title='bbox 731 2237 893 2310; x_wconf 71' lang='lat' dir='ltr'><strong>detrahere,</strong></span> <span class='ocrx_word' id='word_1_152' title='bbox 917 2235 960 2294; x_wconf 85' lang='lat' dir='ltr'><strong>eis</strong></span> <span class='ocrx_word' id='word_1_153' title='bbox 986 2236 1113 2294; x_wconf 85' lang='lat' dir='ltr'><strong>tribuere</strong></span> 
     </span>
     <span class='ocr_line' id='line_1_21' title="bbox 237 2329 1221 2416; baseline 0.007 -28"><span class='ocrx_word' id='word_1_154' title='bbox 237 2330 418 2399; x_wconf 86' lang='lat' dir='ltr'><strong>illudentem,</strong></span> <span class='ocrx_word' id='word_1_155' title='bbox 430 2329 645 2406; x_wconf 74' lang='lat' dir='ltr'><strong>“quieamsibi</strong></span> <span class='ocrx_word' id='word_1_156' title='bbox 656 2339 807 2408; x_wconf 81' lang='lat' dir='ltr'><strong>anngant:</strong></span> <span class='ocrx_word' id='word_1_157' title='bbox 822 2340 854 2392; x_wconf 91' lang='lat' dir='ltr'><strong>ut</strong></span> <span class='ocrx_word' id='word_1_158' title='bbox 867 2336 942 2408; x_wconf 87' lang='lat' dir='ltr'><strong>apud</strong></span> <span class='ocrx_word' id='word_1_159' title='bbox 956 2336 1114 2394; x_wconf 87' lang='lat' dir='ltr'><strong>Platonem</strong></span> <span class='ocrx_word' id='word_1_160' title='bbox 1220 2391 1221 2416; x_wconf 22' lang='grc' dir='ltr'>ἰ</span> 
     </span>
     <span class='ocr_line' id='line_1_22' title="bbox 240 2429 1113 2508; baseline 0.007 -22"><span class='ocrx_word' id='word_1_161' title='bbox 240 2429 375 2487; x_wconf 83' lang='lat' dir='ltr'><strong>Socrates</strong></span> <span class='ocrx_word' id='word_1_162' title='bbox 399 2429 432 2486; x_wconf 92' lang='lat' dir='ltr'><strong>in</strong></span> <span class='ocrx_word' id='word_1_163' title='bbox 453 2432 567 2490; x_wconf 86' lang='lat' dir='ltr'><strong>eoelum</strong></span> <span class='ocrx_word' id='word_1_164' title='bbox 579 2429 661 2489; x_wconf 83' lang='lat' dir='ltr'><strong>effert</strong></span> <span class='ocrx_word' id='word_1_165' title='bbox 681 2432 812 2491; x_wconf 86' lang='lat' dir='ltr'><strong>laudibus</strong></span> <span class='ocrx_word' id='word_1_166' title='bbox 827 2434 1024 2508; x_wconf 81' lang='lat' dir='ltr'><strong>Protagoram,</strong></span> <span class='ocrx_word' id='word_1_167' title='bbox 1041 2434 1113 2507; x_wconf 83' lang='lat' dir='ltr'><strong>liip-</strong></span> 
     </span>
     <span class='ocr_line' id='line_1_23' title="bbox 238 2528 1112 2604; baseline 0.005 -18"><span class='ocrx_word' id='word_1_168' title='bbox 238 2528 328 2602; x_wconf 86' lang='lat' dir='ltr'><strong>piam,</strong></span> <span class='ocrx_word' id='word_1_169' title='bbox 344 2528 509 2598; x_wconf 82' lang='lat' dir='ltr'><strong>Prodicum,</strong></span> <span class='ocrx_word' id='word_1_170' title='bbox 524 2529 673 2604; x_wconf 79' lang='lat' dir='ltr'><strong>Gorgiam,</strong></span> <span class='ocrx_word' id='word_1_171' title='bbox 681 2535 809 2602; x_wconf 73' lang='lat' dir='ltr'><strong>ceteros,</strong></span> <span class='ocrx_word' id='word_1_172' title='bbox 830 2551 861 2590; x_wconf 87' lang='lat' dir='ltr'><strong>se</strong></span> <span class='ocrx_word' id='word_1_173' title='bbox 875 2533 1112 2592; x_wconf 78' lang='lat' dir='ltr'><strong>autemomnium</strong></span> 
     </span>
     <span class='ocr_line' id='line_1_24' title="bbox 237 2627 1111 2708; baseline 0.006 -24"><span class='ocrx_word' id='word_1_174' title='bbox 237 2643 332 2685; x_wconf 85' lang='lat' dir='ltr'><strong>rerum</strong></span> <span class='ocrx_word' id='word_1_175' title='bbox 346 2627 470 2686; x_wconf 84' lang='lat' dir='ltr'><strong>inscium</strong></span> <span class='ocrx_word' id='word_1_176' title='bbox 484 2629 569 2703; x_wconf 82' lang='lat' dir='ltr'><strong>lingit</strong></span> <span class='ocrx_word' id='word_1_177' title='bbox 581 2633 612 2686; x_wconf 92' lang='lat' dir='ltr'><strong>et</strong></span> <span class='ocrx_word' id='word_1_178' title='bbox 625 2631 734 2687; x_wconf 89' lang='lat' dir='ltr'><strong>rudem.</strong></span> <span class='ocrx_word' id='word_1_179' title='bbox 755 2632 842 2689; x_wconf 82' lang='lat' dir='ltr'><strong>decet</strong></span> <span class='ocrx_word' id='word_1_180' title='bbox 855 2632 911 2689; x_wconf 87' lang='lat' dir='ltr'><strong>hoe</strong></span> <span class='ocrx_word' id='word_1_181' title='bbox 925 2631 1029 2690; x_wconf 85' lang='lat' dir='ltr'><strong>neseio</strong></span> <span class='ocrx_word' id='word_1_182' title='bbox 1043 2649 1111 2708; x_wconf 89' lang='lat' dir='ltr'><strong>quo·</strong></span> 
     </span>
     <span class='ocr_line' id='line_1_25' title="bbox 237 2726 1112 2804; baseline 0.005 -20"><span class='ocrx_word' id='word_1_183' title='bbox 237 2727 325 2785; x_wconf 92' lang='lat' dir='ltr'><strong>modo</strong></span> <span class='ocrx_word' id='word_1_184' title='bbox 337 2726 419 2785; x_wconf 91' lang='lat' dir='ltr'><strong>illum</strong></span> <span class='ocrx_word' id='word_1_185' title='bbox 433 2747 440 2783; x_wconf 75' lang='grc' dir='ltr'><strong>ε</strong></span> <span class='ocrx_word' id='word_1_186' title='bbox 461 2744 518 2785; x_wconf 82' lang='lat' dir='ltr'><strong>neo</strong></span> <span class='ocrx_word' id='word_1_187' title='bbox 532 2727 668 2802; x_wconf 83' lang='lat' dir='ltr'><strong>Epicuro,</strong></span> <span class='ocrx_word' id='word_1_188' title='bbox 688 2728 737 2804; x_wconf 89' lang='lat' dir='ltr'><strong>qui</strong></span> <span class='ocrx_word' id='word_1_189' title='bbox 751 2729 782 2788; x_wconf 90' lang='lat' dir='ltr'><strong>id</strong></span> <span class='ocrx_word' id='word_1_190' title='bbox 795 2731 991 2804; x_wconf 85' lang='lat' dir='ltr'><strong>reprehendit,</strong></span> <span class='ocrx_word' id='word_1_191' title='bbox 1013 2748 1112 2788; x_wconf 87' lang='lat' dir='ltr'><strong>assen-</strong></span> 
     </span>
     <span class='ocr_line' id='line_1_26' title="bbox 239 2825 1220 2902; baseline 0.003 -18"><span class='ocrx_word' id='word_1_192' title='bbox 239 2825 304 2884; x_wconf 84' lang='lat' dir='ltr'><strong>tior.</strong></span> <span class='ocrx_word' id='word_1_193' title='bbox 347 2827 406 2885; x_wconf 86' lang='lat' dir='ltr'><strong>Sed</strong></span> <span class='ocrx_word' id='word_1_194' title='bbox 418 2825 450 2886; x_wconf 87' lang='lat' dir='ltr'><strong>in</strong></span> <span class='ocrx_word' id='word_1_195' title='bbox 460 2825 589 2895; x_wconf 89' lang='lat' dir='ltr'><strong>historia,</strong></span> <span class='ocrx_word' id='word_1_196' title='bbox 598 2845 655 2902; x_wconf 86' lang='lat' dir='ltr'><strong>qua</strong></span> <span class='ocrx_word' id='word_1_197' title='bbox 665 2833 695 2886; x_wconf 93' lang='lat' dir='ltr'><strong>tu</strong></span> <span class='ocrx_word' id='word_1_198' title='bbox 704 2847 735 2886; x_wconf 87' lang='lat' dir='ltr'><strong>es</strong></span> <span class='ocrx_word' id='word_1_199' title='bbox 745 2846 812 2887; x_wconf 86' lang='lat' dir='ltr'><strong>usus</strong></span> <span class='ocrx_word' id='word_1_200' title='bbox 826 2829 856 2886; x_wconf 89' lang='lat' dir='ltr'><strong>in</strong></span> <span class='ocrx_word' id='word_1_201' title='bbox 870 2829 951 2887; x_wconf 90' lang='lat' dir='ltr'><strong>omni</strong></span> <span class='ocrx_word' id='word_1_202' title='bbox 964 2846 1110 2896; x_wconf 89' lang='lat' dir='ltr'><strong>sermone,</strong></span> <span class='ocrx_word' id='word_1_203' title='bbox 1219 2825 1220 2832; x_wconf 61' lang='lat'><em>&#39;</em></span> 
     </span>
     <span class='ocr_line' id='line_1_27' title="bbox 237 2926 1110 3001; baseline 0.002 -19"><span class='ocrx_word' id='word_1_204' title='bbox 237 2941 313 2994; x_wconf 85' lang='lat' dir='ltr'><strong>cum,</strong></span> <span class='ocrx_word' id='word_1_205' title='bbox 336 2927 429 3001; x_wconf 89' lang='lat' dir='ltr'><strong>qualis</strong></span> <span class='ocrx_word' id='word_1_206' title='bbox 453 2926 572 3001; x_wconf 86' lang='lat' dir='ltr'><strong>quisque</strong></span> <span class='ocrx_word' id='word_1_207' title='bbox 591 2930 687 2984; x_wconf 89' lang='lat' dir='ltr'><strong>orator</strong></span> <span class='ocrx_word' id='word_1_208' title='bbox 708 2927 819 2996; x_wconf 86' lang='lat' dir='ltr'><strong>luisset,</strong></span> <span class='ocrx_word' id='word_1_209' title='bbox 837 2943 1008 3001; x_wconf 82' lang='lat' dir='ltr'><strong>exponeres,</strong></span> <span class='ocrx_word' id='word_1_210' title='bbox 1030 2928 1110 2996; x_wconf 89' lang='lat' dir='ltr'><strong>vide,</strong></span> 
     </span>
     <span class='ocr_line' id='line_1_28' title="bbox 236 3025 1219 3112; baseline 0.006 -33"><span class='ocrx_word' id='word_1_211' title='bbox 236 3039 352 3096; x_wconf 87' lang='lat' dir='ltr'><strong>quaeso,</strong></span> <span class='ocrx_word' id='word_1_212' title='bbox 366 3025 469 3099; x_wconf 88' lang='lat' dir='ltr'><strong>inquit,</strong></span> <span class='ocrx_word' id='word_1_213' title='bbox 482 3043 520 3082; x_wconf 88' lang='lat' dir='ltr'><strong>ne</strong></span> <span class='ocrx_word' id='word_1_214' title='bbox 534 3029 594 3082; x_wconf 87' lang='lat' dir='ltr'><strong>tam</strong></span> <span class='ocrx_word' id='word_1_215' title='bbox 607 3027 844 3099; x_wconf 86' lang='lat' dir='ltr'><strong>reprehendenda</strong></span> <span class='ocrx_word' id='word_1_216' title='bbox 854 3026 893 3084; x_wconf 86' lang='lat' dir='ltr'><strong>sit</strong></span> <span class='ocrx_word' id='word_1_217' title='bbox 905 3026 1009 3095; x_wconf 68' lang='lat' dir='ltr'><strong>monia,</strong></span> <span class='ocrx_word' id='word_1_218' title='bbox 1024 3044 1111 3101; x_wconf 82' lang='lat' dir='ltr'><strong>qnam</strong></span> <span class='ocrx_word' id='word_1_219' title='bbox 1218 3071 1219 3112; x_wconf 38' lang='lat' dir='ltr'><strong>p</strong></span> 
     </span>
     <span class='ocr_line' id='line_1_29' title="bbox 235 3119 1219 3198; baseline 0.009 -22"><span class='ocrx_word' id='word_1_220' title='bbox 235 3119 267 3176; x_wconf 89' lang='lat' dir='ltr'><strong>in</strong></span> <span class='ocrx_word' id='word_1_221' title='bbox 288 3121 463 3178; x_wconf 84' lang='lat' dir='ltr'><strong>testimonio.</strong></span> <span class='ocrx_word' id='word_1_222' title='bbox 506 3122 644 3196; x_wconf 76' lang='lat' dir='ltr'><strong>Quorsus,</strong></span> <span class='ocrx_word' id='word_1_223' title='bbox 666 3124 793 3198; x_wconf 87' lang='lat' dir='ltr'><strong>inquam,</strong></span> <span class='ocrx_word' id='word_1_224' title='bbox 814 3123 913 3184; x_wconf 80' lang='lat' dir='ltr'><strong>istuc?</strong></span> <span class='ocrx_word' id='word_1_225' title='bbox 940 3142 1000 3183; x_wconf 92' lang='lat' dir='ltr'><strong>non</strong></span> <span class='ocrx_word' id='word_1_226' title='bbox 1029 3127 1109 3184; x_wconf 87' lang='lat' dir='ltr'><strong>euim</strong></span> <span class='ocrx_word' id='word_1_227' title='bbox 1218 3145 1219 3173; x_wconf 57' lang='lat' dir='ltr'><strong>t</strong></span> 
     </span>
     <span class='ocr_line' id='line_1_30' title="bbox 235 3216 1110 3300; baseline 0.013 -27"><span class='ocrx_word' id='word_1_228' title='bbox 235 3216 377 3292; x_wconf 79' lang='lat' dir='ltr'><strong>intelligo.</strong></span> <span class='ocrx_word' id='word_1_229' title='bbox 419 3219 496 3290; x_wconf 78' lang='lat' dir='ltr'><strong>Quis</strong></span> <span class='ocrx_word' id='word_1_230' title='bbox 508 3219 639 3293; x_wconf 90' lang='lat' dir='ltr'><strong>primum,</strong></span> <span class='ocrx_word' id='word_1_231' title='bbox 664 3222 765 3299; x_wconf 90' lang='lat' dir='ltr'><strong>inquit,</strong></span> <span class='ocrx_word' id='word_1_232' title='bbox 787 3224 830 3282; x_wconf 84' lang='lat' dir='ltr'><strong>ita</strong></span> <span class='ocrx_word' id='word_1_233' title='bbox 851 3224 1011 3282; x_wconf 87' lang='lat' dir='ltr'><strong>laudavisti</strong></span> <span class='ocrx_word' id='word_1_234' title='bbox 1026 3242 1110 3300; x_wconf 83' lang='lat' dir='ltr'><strong>quos·</strong></span> 
     </span>
     <span class='ocr_line' id='line_1_31' title="bbox 264 3369 1109 3434; baseline 0.012 -18"><span class='ocrx_word' id='word_1_235' title='bbox 264 3369 287 3403; x_wconf 69' lang='lat'><strong>⁹⁷</strong></span> <span class='ocrx_word' id='word_1_236' title='bbox 301 3369 407 3430; x_wconf 81' lang='lat' dir='ltr'><strong>solidum]</strong></span> <span class='ocrx_word' id='word_1_237' title='bbox 424 3385 468 3417; x_wconf 93' lang='lat' dir='ltr'><strong>non</strong></span> <span class='ocrx_word' id='word_1_238' title='bbox 477 3371 507 3417; x_wconf 86' lang='lat' dir='ltr'><strong>sd</strong></span> <span class='ocrx_word' id='word_1_239' title='bbox 522 3372 671 3430; x_wconf 82' lang='lat' dir='ltr'><strong>integritatem</strong></span> <span class='ocrx_word' id='word_1_240' title='bbox 687 3377 781 3424; x_wconf 76' lang='lat' dir='ltr'><strong>reseram</strong></span> <span class='ocrx_word' id='word_1_241' title='bbox 797 3393 846 3424; x_wconf 84' lang='lat' dir='ltr'><strong>cum</strong></span> <span class='ocrx_word' id='word_1_242' title='bbox 860 3378 969 3434; x_wconf 78' lang='lat' dir='ltr'><strong>Conrado,</strong></span> <span class='ocrx_word' id='word_1_243' title='bbox 986 3379 1026 3426; x_wconf 82' lang='lat' dir='ltr'><strong>sed</strong></span> <span class='ocrx_word' id='word_1_244' title='bbox 1037 3379 1066 3426; x_wconf 82' lang='lat' dir='ltr'><strong>sd</strong></span> <span class='ocrx_word' id='word_1_245' title='bbox 1076 3391 1109 3425; x_wconf 79' lang='lat' dir='ltr'><strong>se·</strong></span> 
     </span>
    </p>
   </div>
   <div class='ocr_carea' id='block_1_3' title="bbox 234 3428 1110 3555">
    <p class='ocr_par' dir='ltr' id='par_1_3' title="bbox 234 3428 1110 3555">
     <span class='ocr_line' id='line_1_32' title="bbox 235 3428 1110 3500; baseline 0.011 -26"><span class='ocrx_word' id='word_1_246' title='bbox 235 3443 305 3499; x_wconf 68' lang='lat' dir='ltr'><strong>qrrens</strong></span> <span class='ocrx_word' id='word_1_247' title='bbox 315 3428 454 3500; x_wconf 65' lang='lat' dir='ltr'><strong>matusalam,</strong></span> <span class='ocrx_word' id='word_1_248' title='bbox 465 3429 609 3492; x_wconf 82' lang='lat' dir='ltr'><strong>intelligoque</strong></span> <span class='ocrx_word' id='word_1_249' title='bbox 616 3433 705 3480; x_wconf 84' lang='lat' dir='ltr'><strong>ductum</strong></span> <span class='ocrx_word' id='word_1_250' title='bbox 715 3450 728 3480; x_wconf 83' lang='lat' dir='ltr'><strong>a</strong></span> <span class='ocrx_word' id='word_1_251' title='bbox 739 3435 790 3482; x_wconf 87' lang='lat' dir='ltr'><strong>cibo</strong></span> <span class='ocrx_word' id='word_1_252' title='bbox 799 3437 870 3483; x_wconf 85' lang='lat' dir='ltr'><strong>solido</strong></span> <span class='ocrx_word' id='word_1_253' title='bbox 878 3440 902 3484; x_wconf 87' lang='lat' dir='ltr'><strong>ot</strong></span> <span class='ocrx_word' id='word_1_254' title='bbox 911 3437 977 3494; x_wconf 78' lang='lat' dir='ltr'><strong>sicco,</strong></span> <span class='ocrx_word' id='word_1_255' title='bbox 992 3437 1030 3498; x_wconf 85' lang='lat' dir='ltr'><strong>qui</strong></span> <span class='ocrx_word' id='word_1_256' title='bbox 1040 3451 1110 3500; x_wconf 87' lang='lat' dir='ltr'><strong>oppo-</strong></span> 
     </span>
     <span class='ocr_line' id='line_1_33' title="bbox 234 3486 818 3555; baseline 0.009 -19"><span class='ocrx_word' id='word_1_257' title='bbox 234 3492 294 3536; x_wconf 88' lang='lat' dir='ltr'><strong>mtur</strong></span> <span class='ocrx_word' id='word_1_258' title='bbox 303 3486 366 3534; x_wconf 88' lang='lat' dir='ltr'><strong>mollr</strong></span> <span class='ocrx_word' id='word_1_259' title='bbox 374 3487 520 3547; x_wconf 81' lang='lat' dir='ltr'><strong>etJunrlento,</strong></span> <span class='ocrx_word' id='word_1_260' title='bbox 530 3493 607 3551; x_wconf 84' lang='lat' dir='ltr'><strong>estque</strong></span> <span class='ocrx_word' id='word_1_261' title='bbox 616 3491 703 3538; x_wconf 85' lang='lat' dir='ltr'><strong>saluber</strong></span> <span class='ocrx_word' id='word_1_262' title='bbox 712 3493 818 3555; x_wconf 88' lang='lat' dir='ltr'><strong>inprimis.</strong></span> 
     </span>
    </p>
   </div>
   <div class='ocr_carea' id='block_1_4' title="bbox 235 3567 1109 3688">
    <p class='ocr_par' dir='ltr' id='par_1_4' title="bbox 235 3567 1109 3688">
     <span class='ocr_line' id='line_1_34' title="bbox 264 3567 1109 3638; baseline 0.009 -25"><span class='ocrx_word' id='word_1_263' title='bbox 264 3567 285 3600; x_wconf 57' lang='grc' dir='ltr'>Β</span> <span class='ocrx_word' id='word_1_264' title='bbox 300 3567 340 3627; x_wconf 78' lang='lat' dir='ltr'><strong>prn&#39;</strong></span> <span class='ocrx_word' id='word_1_265' title='bbox 349 3567 576 3636; x_wconf 62' lang='lat' dir='ltr'><strong>mmsitiumgmrti</strong></span> <span class='ocrx_word' id='word_1_266' title='bbox 608 3569 752 3620; x_wconf 84' lang='lat' dir='ltr'><strong>Scribsndum</strong></span> <span class='ocrx_word' id='word_1_267' title='bbox 764 3577 799 3622; x_wconf 88' lang='lat' dir='ltr'><strong>est</strong></span> <span class='ocrx_word' id='word_1_268' title='bbox 807 3577 920 3632; x_wconf 77' lang='lat' dir='ltr'><strong>amgent,</strong></span> <span class='ocrx_word' id='word_1_269' title='bbox 935 3576 962 3622; x_wconf 86' lang='lat' dir='ltr'><strong>nt</strong></span> <span class='ocrx_word' id='word_1_270' title='bbox 974 3573 1042 3622; x_wconf 82' lang='lat' dir='ltr'><strong>lssile</strong></span> <span class='ocrx_word' id='word_1_271' title='bbox 1051 3574 1109 3638; x_wconf 70' lang='lat' dir='ltr'><strong>quis</strong></span> 
     </span>
     <span class='ocr_line' id='line_1_35' title="bbox 235 3627 617 3688; baseline 0.008 -16"><span class='ocrx_word' id='word_1_272' title='bbox 235 3639 286 3688; x_wconf 77' lang='lat' dir='ltr'><strong>que,</strong></span> <span class='ocrx_word' id='word_1_273' title='bbox 297 3627 422 3675; x_wconf 85' lang='lat' dir='ltr'><strong>sdrnonrtm</strong></span> <span class='ocrx_word' id='word_1_274' title='bbox 431 3627 518 3686; x_wconf 78' lang='lat' dir='ltr'><strong>saltem,</strong></span> <span class='ocrx_word' id='word_1_275' title='bbox 529 3627 617 3676; x_wconf 83' lang='lat' dir='ltr'><strong>sentiat.</strong></span> 
     </span>
    </p>
   </div>
   <div class='ocr_carea' id='block_1_5' title="bbox 0 0 1234 4184">
    <p class='ocr_par' dir='ltr' id='par_1_5' title="bbox 0 0 1234 4184">
     <span class='ocr_line' id='line_1_36' title="bbox 0 0 1234 4184; baseline 0 2"><span class='ocrx_word' id='word_1_276' title='bbox 0 0 1234 4184; x_wconf 95' lang='lat' dir='ltr'><strong> </strong></span> 
     </span>
    </p>
   </div>
  </div>
 </body>
</html>
