2444 4192
196 363 260 424 320
455 319 790 411 nnomruocununn

193 507 271 566 hunc
294 506 321 563 si
344 505 407 582 quis
427 506 564 576 imitetur,
585 525 651 565 eum
678 511 709 564 et
734 506 834 570 Attice
857 505 1012 575 dicturum,
1032 513 1065 564 et

193 604 320 678 optime:
342 610 383 674 ut,
406 605 541 680 quoniam
555 605 651 664 Attici
669 606 756 663 nobis
775 605 914 679 propositi
935 610 1003 664 sunt
1024 606 1064 663 nd

196 704 376 774 imitandum,
392 706 467 762 bene
480 704 587 772 dicere,
599 703 631 760 id
642 703 683 760 sit
698 703 801 764 Attice
814 703 922 761 dicere.
977 717 979 722 ·

158 797 183 853 5
236 803 296 860 Sed
308 820 375 861 cum
393 801 426 860 in
449 820 486 860 eo
499 819 620 877 magnus
640 819 716 860 error
736 807 823 871 esset,
842 804 928 877 quote
941 806 1019 860 esset
1033 802 1066 860 id

123 913 130 922 '
194 901 313 960 dicendi
333 919 441 976 genus:
463 902 564 976 putavi
588 901 660 958 mihi
679 901 896 975 suscipiendum
922 903 1062 968 laborem,

194 999 297 1060 utilem
309 1000 454 1068 studiosis,
477 1001 548 1059 mihi
562 999 679 1075 quidem
697 999 753 1073 ipsi
771 1017 831 1058 non
855 999 1062 1058 necessarium.

195 1099 339 1160 Converti
349 1098 432 1158 ¹err'un
444 1117 483 1158 ex
496 1089 613 1158 vAtticis
626 1100 746 1157 duonum
763 1098 1064 1173 eloquentissimorum

193 1199 388 1258 nobilissimus
405 1199 551 1258 orationes
564 1199 643 1256 inter
660 1217 691 1256 se
712 1199 879 1266 contraries,
901 1198 1064 1256 Aeschinis

195 1299 478 1374 Demosthenisque:
502 1315 558 1374 neo
572 1298 715 1365 converti,
739 1303 771 1354 ut
783 1297 934 1370 interpres,
958 1297 1012 1354 sed
1032 1301 1063 1353 ut

193 1401 297 1463 emtor,
320 1398 474 1455 sententiis
488 1397 603 1464 iisdem,
624 1401 655 1453 et
672 1413 769 1453 esrum
786 1395 893 1462 formis,
914 1399 1062 1470 umquem

193 1493 300 1567 figuris,
324 1494 420 1552 verbis
443 1497 480 1552 ed
503 1500 631 1552 nostram
651 1493 892 1552 consuetudinem
911 1493 1007 1568 nptis:
1032 1493 1064 1551 in

194 1591 296 1667 quibus
309 1610 368 1650 non
382 1595 502 1650 verbnm
514 1609 566 1666 pro
584 1595 676 1651 verbo
689 1609 810 1651 necesse
828 1591 916 1650 hebui
933 1592 1064 1659 reddere,

195 1693 247 1748 sed
268 1709 358 1764 genus
382 1692 511 1750 omnium
532 1694 684 1750 verborum
709 1691 827 1766 vimque
852 1691 978 1749 servavi.
1003 1708 1064 1748 nou

195 1789 275 1848 enim
305 1807 343 1846 ee
375 1809 422 1848 me
449 1807 636 1848 annumerare
657 1790 760 1848 lectori
786 1789 889 1863 putavi
920 1793 1062 1864 oportere,

195 1890 247 1948 sed
261 1893 406 1963 tamquam
425 1889 597 1962 appendere.
640 1889 698 1946 Hic
712 1890 793 1946 inbor
814 1905 896 1946 meus
917 1888 972 1945 hoc
987 1905 1063 1945 esse·

197 1992 308 2063 quetur‚
321 1992 353 2044 ut
367 1986 457 2044 nostri
469 1987 611 2054 homines,
624 1986 693 2061 quid
702 1987 739 2044 eb
753 1985 812 2043 iltis
825 1985 955 2060 exigent,
969 1985 1017 2060 qui
1031 2001 1064 2042 se

199 2087 316 2144 Atticos
336 2087 449 2153 volunt,
473 2090 504 2143 et
522 2086 560 2142 ed
578 2101 663 2159 quam
683 2101 733 2142 eos
754 2084 835 2159 qussi
858 2084 1010 2141 iormulcm
1022 2083 1065 2140 di·

196 2183 285 2240 cendi
307 2188 458 2250 revocent,
476 2183 651 2256 intelligunt.
693 2183 753 2240 Sed
772 2181 918 2240 exorietur
943 2181 1067 2254 Thucy·
1147 2253 1152 2260 ι
1219 2255 1220 2266 ¹

132 2279 134 2282 ⁴
195 2280 287 2336 dides-
302 2279 364 2349 ejns
377 2279 457 2346 enim
470 2279 587 2351 quidem
600 2280 796 2352 eloquentiam
809 2279 995 2336 admirentur.
1028 2280 1066 2336 ld

195 2373 310 2448 quidem
321 2378 416 2430 recte:
431 2375 483 2430 sed
496 2374 569 2431 nihii
582 2376 622 2432 ed
634 2391 701 2432 enm
711 2381 861 2444 oratorem,
879 2393 966 2452 quem
979 2395 1065 2452 quse·

195 2471 293 2530 rimus.
329 2471 420 2530 Aliud
433 2477 479 2529 est
491 2472 570 2530 enim
583 2473 732 2547 explicere
745 2491 790 2531 res
804 2480 900 2548 gestes
914 2476 1067 2543 uenando,

197 2572 276 2630 eliud
296 2571 528 2645 argumentando
541 2571 697 2640 criminari,
717 2571 868 2630 crimenve
887 2573 1067 2630 dissolvere:
1156 2602 1161 2610 ·

197 2670 277 2728 uliud
299 2668 463 2727 nnrrntione
485 2675 584 2728 tenere
608 2669 776 2738 auditorem,
800 2672 878 2728 eliud
906 2671 1066 2729 concitare.

199 2771 242 2829 At
255 2767 378 2843 loquitur
397 2772 508 2841 pulcre.
548 2770 628 2826 Num
647 2767 759 2835 melius,
783 2786 869 2842 quam
889 2766 996 2826 Pisto?
1018 2788 1069 2828 ne·

198 2887 281 2928 cesse
294 2873 393 2927 temen
413 2873 459 2925 est
471 2867 586 2933 oratori,
606 2883 691 2942 quem
710 2866 881 2940 quoerimns,
902 2873 1069 2926 controver-

198 2968 256 3026 sias
270 2964 418 3040 explicere
430 2966 558 3027 forenses
572 2963 689 3023 dicendi
703 2982 810 3040 genere
823 2969 893 3039 cpto
910 2966 947 3022 nd
960 2967 1068 3024 docen-

56 3073 59 3080 '
168 3065 548 3132 6dnm,nddeiectandum,
558 3063 595 3120 ed
604 3064 839 3136 permovendum.
863 3063 959 3135 Quare
969 3064 1071 3139 siquis

199 3161 263 3227 erit,
273 3161 324 3234 qui
336 3159 357 3191 ¹⁸
366 3161 557 3235 Thucydidio
567 3179 674 3236 genere
684 3178 786 3219 causes
802 3161 834 3218 in
848 3160 909 3218 toro
922 3161 1069 3222 dicturum

198 3275 230 3315 se
241 3274 305 3314 esse
315 3259 683 3330 profitentur,isebhorrect
691 3259 983 3332 etismnsuspicione
994 3260 1069 3334 epus,

200 3415 424 3526 mamm]
440 3417 484 3465 ut.
495 3418 561 3466 Mes.
572 3417 718 3479 nuestus.
728 3425 835 3471 omna
849 3421 1067 3484 memmi
