2474 4188
518 331 653 384 annuus
973 339 1017 401 53

146 486 357 558 sententiisque
386 496 592 551 eonsentiens3
620 497 680 538 vox
708 497 889 554 permanens,
915 498 1016 541 verum
1048 489 1052 495 '

147 584 291 640 subranea
304 587 415 638 natum.
458 583 516 638 Sed
528 581 583 636 boo
598 580 702 638 vitium
716 580 785 637 huie
799 580 851 637 uni
866 581 897 637 in
911 583 1017 640 bonum

150 683 352 738 convertebat.
393 681 528 737 Habebat
541 679 619 736 enim
634 678 730 736 flebile
744 679 881 754 quiddam
894 679 926 736 in
940 695 1019 753 ques-

150 777 286 846 tionibus,
307 783 460 854 aptumque
474 795 540 836 oum
554 779 591 834 ad
607 779 693 834 tidem
712 778 887 845 faciendam,
909 782 969 834 tum
983 769 1019 834 ad
1039 792 1047 814 ‘

150 876 378 934 misericordiam
399 877 659 934 commovendam:
691 881 723 934 ut
749 893 851 934 verum
871 875 1020 934 videretur

150 973 181 1031 in
195 976 250 1032 hoo
265 974 346 1042 illud,
367 976 442 1050 quod
457 975 689 1031 Demosthenem
706 973 800 1031 ierunt
813 975 851 1043 ei,
871 975 920 1050 qui
933 991 1018 1049 quae·
1052 1027 1061 1052 „

149 1073 277 1142 sivisset,
299 1075 368 1149 quid
395 1075 518 1148 primum
542 1080 627 1131 esset·
640 1074 671 1132 lu
693 1074 828 1141 dicendo,
852 1074 1017 1143 notionemt
1117 1077 1123 1084 '

149 1173 219 1248 quid
239 1175 408 1241 seeundum,
428 1173 515 1240 idem,
536 1173 657 1230 elidem
677 1173 803 1240 tertium,
823 1173 1017 1246 reapondisse.
1048 1225 1053 1256 3

150 1273 242 1328 Nulla
266 1289 311 1329 res
335 1271 428 1344 magis
451 1276 585 1345 penetrat
605 1271 636 1328 ia
658 1271 779 1338 animes,
798 1289 904 1346 eosque
927 1270 1017 1346 fingit,

148 1369 263 1437 format,
276 1369 386 1426 flectit:
403 1371 530 1444 talesque
543 1373 669 1427 oratores
685 1369 779 1427 videri
791 1370 871 1439 feeit,
889 1367 1017 1444 ⁸'qualest

148 1467 206 1542 ipsi
219 1485 252 1524 se
266 1467 359 1525 videri
374 1469 484 1526 volunt.

192 1565 271 1622 linio
291 1565 340 1623 alii
360 1583 458 1640 parem
478 1584 541 1623 esse
556 1566 704 1634 dicebant,
726 1566 777 1624 alii
800 1567 1017 1640 anteponebant

149 1663 187 1722 L·
209 1663 352 1722 Crassum.
387 1666 469 1724 illud
489 1665 605 1738 quidem
622 1670 707 1721 certe
722 1681 822 1740 omnes
846 1662 888 1720 ita
904 1663 1017 1736 judioa·

147 1764 230 1831 bant,
254 1764 401 1821 neminem
422 1781 496 1831 esse,
520 1763 701 1840 quinorum
728 1765 864 1820 alterutro
887 1766 1017 1836 patrono,

147 1862 319 1935 eujusquam
332 1861 481 1934 ingenium
495 1862 657 1935 requireret.
686 1861 836 1934 Equidem,
847 1875 1019 1934 quamquam

149 1959 286 2016 Antonio
309 1962 422 2013 tantum
442 1957 546 2023 tribuo,
568 1963 704 2031 quantum
722 1957 901 2030 supradixi,
921 1961 1020 2012 tamen

147 2055 260 2112 Crasso
287 2053 368 2111 nihil.
388 2059 483 2111 statuo
508 2055 570 2112 fieri
591 2054 718 2128 potuisse
744 2054 909 2128 perfectius.
949 2053 1020 2111 Erat

148 2169 262 2210 summa
274 2152 422 2226 gravitas:
443 2157 505 2210 erat
518 2171 584 2210 oum
603 2153 748 2227 gravitate
761 2153 884 2226 junctus
901 2152 1018 2232 laeetiag

151 2268 213 2308 rum
237 2254 268 2306 et
294 2251 462 2308 urbanitatis
486 2253 635 2318 oratorius,
662 2270 722 2309 non
748 2251 887 2320 scurrilis,
914 2254 1016 2327 lepos:

152 2349 243 2406 latine
270 2349 406 2422 loquendi
422 2354 565 2418 accurata,
583 2355 619 2407 et
645 2351 709 2407 siue
732 2350 865 2408 molestia
890 2351 1017 2425 diligens
1101 2411 1104 2418 Δ

151 2447 312 2520 elegantia:
326 2447 356 2506 iu
367 2447 535 2505 disserendo
548 2449 620 2505 mira
634 2448 811 2521 explicatio:
825 2466 892 2506 oum
905 2448 1017 2521 dejure

152 2545 244 2614 ouili,
257 2548 374 2603 oumde
388 2563 480 2620 aequo
493 2551 523 2603 et
535 2549 612 2603 bono
625 2545 825 2620 disputaretur,
839 2551 1018 2622 argumento·
1112 2583 1118 2592 -

152 2661 213 2700 rum
240 2649 269 2701 et
292 2643 513 2701 similitudinum
539 2644 633 2716 eopia.
688 2645 776 2712 Nam,
803 2650 835 2702 ut
860 2645 1017 2712 Antonius,
1028 2633 1069 2693 39

151 2743 319 2815 eonjeotura
345 2742 500 2808 movenda,
525 2739 604 2798 “aut
630 2743 758 2798 sedanda
780 2742 950 2815 suspicione·
969 2745 1020 2798 aut

152 2839 318 2907 excitanda,
331 2839 534 2897 incredibilem
548 2838 610 2899 vim
624 2839 748 2894 habebat
760 2857 768 2894 s
779 2838 823 2896 sio
837 2837 868 2894 in
882 2839 1021 2910 interpres

153 2939 250 3006 tando,
272 2939 303 2995 in
323 2939 497 3004 deliniendo,
522 2938 553 2994 in
575 2935 750 3010 explicanda
771 2935 926 3010 aequitate,
946 2935 1019 2995 nibil

122 3081 132 3108 ,
153 3041 216 3093 erat
240 3037 346 3094 Crasso
367 3035 528 3108 copiosius:
553 3035 640 3110 idque
658 3051 730 3092 oum·
749 3053 836 3110 saepe
857 3033 939 3103 alias,
958 3041 1019 3096 tum

158 3135 233 3208 apud
253 3133 502 3198 centumvirosin
523 3132 575 3191 Μ’.
591 3133 673 3192 Curii
693 3149 780 3192 eausa
796 3133 944 3209 cognitum
964 3139 1018 3194 est

152 3233 200 3290 lta
220 3221 300 3290 euim
319 3234 410 3289 multa
432 3237 492 3290 tum
518 3238 621 3290 eontra
641 3231 781 3306 seriptum
803 3251 855 3308 pro
870 3249 965 3308 aequo
987 3239 1019 3293 et

179 3383 203 3417 ¹³⁷
217 3385 291 3444 psalm
299 3383 344 3440 ipsi
352 3383 454 3430 assideri
467 3385 561 3446 oolam]
592 3384 724 3434 Annalinli
746 3385 761 3433 i.
773 3401 793 3434 e.
804 3389 890 3448 optent
991 3407 994 3413 ·

163 3462 202 3529 '⁸⁸
215 3467 256 3531 nat
263 3462 354 3532 abae:
366 3475 423 3518 torp.
434 3467 474 3510 aul
486 3463 620 3533 essitarrda]
649 3463 719 3511 aeno.
730 3469 752 3512 et
765 3464 829 3512 mett
860 3464 922 3512 Nam
931 3458 1029 3510 didm:
1084 3519 1090 3534 ι

147 3523 185 3565 tro
194 3525 228 3566 eut
238 3524 296 3566 mter
305 3525 451 3578 conjecturam
462 3525 485 3566 et
491 3537 647 3582 suspicionem:
659 3525 683 3571 ia
692 3523 816 3586 suspicione
826 3525 877 3570 suut
882 3522 1020 3579 duopsedeae

148 3581 175 3624 et
184 3579 289 3635 exaitare,
300 3593 358 3639 quae
367 3580 533 3639 coniunguutau.

189 3677 261 3718 von.
283 3677 331 3716 ιιι.
586 3663 604 3716 6
