2250 4072
160 270 226 328 Μ
534 256 677 308 ORATOR.

160 430 357 505 prehendatur
370 426 536 496 manifesto,
549 426 617 501 quid
636 435 654 482 a
667 402 750 482 nobis
769 425 806 481 de
819 422 965 481 industria
977 422 1038 491 fiat,

160 535 190 588 et
213 533 380 587 occurretur
402 525 540 585 satietati.
580 525 619 582 Et
641 524 783 599 quianon
807 538 928 580 numero
941 524 1036 579 solum

161 640 314 687 numerosa
336 624 437 693 oratio,
459 625 511 681 aed
525 628 554 680 et
577 622 789 697 compositione
811 614 853 690 fit,
876 626 907 678 et
927 636 1035 695 genere

161 724 251 804 (quod
265 732 331 783 ante
355 724 469 782 dictum
490 727 549 800 est)
572 720 801 792 concinnitatis3
822 719 1036 794 compositione

162 830 259 901 potest
267 822 403 898 intelllgi,
412 840 478 881 cum
491 821 534 880 ita
542 824 652 879 structa
666 822 755 878 verba
766 823 841 888 sunt,
854 824 887 876 ut
901 827 1037 875 numerus

163 916 223 984 riou
236 925 389 998 quaesitus,
403 924 455 981 sed
468 923 531 997 ipse
545 927 660 980 secutus
675 939 737 979 esse
747 920 899 990 videntum
919 924 953 976 ut
962 917 1040 993 apud

165 1024 310 1092 Crassum,
330 1040 397 1080 aum
418 1021 467 1080 ubi
490 1020 584 1079 lubido
608 1019 774 1088 domantur,
796 1017 969 1077 irmoceatiue
982 1017 1036 1076 leae

160 1110 335 1199 praesidium
348 1127 397 1179 est.
432 1123 511 1180 Ordo
523 1121 603 1178 enim
617 1122 768 1178 verborum
782 1118 870 1177 efficit
884 1127 1034 1176 numerum

165 1221 229 1278 aine
255 1222 313 1277 ulla
339 1226 439 1294 aperta
461 1219 584 1277 oratoris
609 1217 759 1275 industria.
801 1218 902 1292 ltaque
924 1216 1038 1294 siquae

166 1324 281 1375 veteres
299 1319 342 1375 illi
357 1315 552 1394 (Herodotum
565 1318 641 1385 dico,
662 1323 692 1374 et
704 1317 922 1390 Thucydidem,
936 1320 1037 1374 totam·

166 1434 221 1490 que
248 1433 313 1472 eam
337 1413 476 1493 aetatem)
503 1421 570 1488 apte
597 1433 803 1491 numeroseque
824 1416 981 1486 dixerunt3
1001 1433 1037 1472 ea

167 1506 225 1572 non
239 1532 358 1571 numero
371 1514 510 1587 quaesito,
520 1515 571 1570 sed
581 1516 733 1572 verbomm
752 1513 948 1572 collocatione
963 1514 1040 1574 ccci·

165 1615 278 1671 derunt.
293 1615 418 1671 Formae
428 1631 499 1670 vero
509 1614 650 1688 quaedam
659 1605 883 1682 contemtionis,
893 1614 1037 1690 inquibus

167 1730 204 1770 ca
216 1713 400 1770 concinnitas
413 1712 499 1780 inest,
510 1716 542 1769 ut
562 1717 695 1787 sequatur
715 1731 848 1771 numems
862 1713 1036 1770 necessario.

169 1813 199 1871 N
201 1830 248 1870 am
259 1828 325 1870 curn
336 1816 385 1868 aut
398 1829 449 1885 par
462 1811 524 1885 pari
537 1811 665 1878 retertur,
678 1814 727 1868 aut
740 1813 916 1869 contrarium
927 1817 1040 1870 eontra·

169 1911 213 1968 rio
225 1911 387 1986 opponitur,
401 1915 460 1978 aut,
473 1927 546 1985 quae
560 1909 694 1968 similiter
706 1913 814 1968 eadunt
829 1913 928 1979 verba,
942 1910 1041 1969 vernia

170 2015 389 2083 comparantur:
409 2009 546 2084 quidquid
560 2009 602 2066 ita
614 2009 804 2077 concluditur,
826 2010 995 2085 plerumque
1008 2008 1040 2066 fit

172 2112 202 2164 ut
215 2127 365 2165 numerose
379 2109 474 2165 cadat.
496 2108 601 2181 quode
625 2126 732 2180 genere
755 2126 822 2164 cum
843 2108 986 2182 exemplis
999 2126 1044 2166 su·

172 2223 222 2279 pra
232 2206 367 2270 diximus,
388 2211 418 2260 ut
433 2206 506 2260 haec
520 2223 631 2278 quoque
645 2205 730 2278 copia
750 2206 919 2265 facultatem
933 2202 1042 2276 afferat,

171 2321 230 2360 non
244 2320 357 2375 semper
371 2302 474 2358 eodem
495 2304 581 2359 modo
600 2303 764 2361 desinendi.
784 2323 840 2363 nec
855 2310 955 2364 tamen
969 2309 1041 2364 haec

171 2403 213 2458 ita
225 2405 292 2458 sunt
306 2405 386 2458 arcta
399 2406 429 2458 ct
442 2401 588 2469 adstricta,
602 2407 633 2458 ut
647 2421 691 2471 ca,
715 2422 781 2460 curn
795 2404 929 2473 velimus,
941 2409 1039 2464 laxare

171 2518 356 2576 nequeamus.
399 2500 524 2558 Multum
550 2500 681 2568 intereat,
707 2507 800 2559 utrum
824 2521 979 2561 numerosa
996 2504 1044 2571 sit,

172 2601 269 2668 idest,
280 2599 384 2661 similis
397 2616 588 2667 numerorum,
602 2617 640 2657 an
654 2602 739 2674 plane
754 2621 770 2658 e
785 2602 912 2660 numeris
927 2606 1041 2661 constet

173 2699 276 2758 oratio.
296 2701 417 2756 alterum
431 2699 456 2755 si
470 2700 511 2766 fit,
522 2698 703 2757 intolerabile
719 2700 823 2756 vitium
837 2706 894 2758 est:
920 2705 1043 2762 alterum

173 2799 231 2858 nisi
244 2800 286 2868 lit,
299 2798 446 2872 dissipata,
461 2801 491 2854 et
503 2798 624 2867 inculta,
638 2804 667 2856 et
681 2799 772 2856 fluens
786 2804 831 2856 est
844 2800 948 2857 oratio.

123 2905 164 2963 16
216 2900 277 2956 Sed
300 2897 436 2974 quoniam
458 2914 518 2954 non
544 2899 630 2955 modo
657 2915 716 2955 non
742 2897 916 2973 frequenter,
940 2916 1043 2958 verum

176 2998 266 3055 'etiam
290 3014 354 3054 raro
377 2997 408 3052 in
431 2994 508 3052 veris
532 2996 636 3063 causis,
658 3002 707 3053 aut
730 2996 899 3066 forensibus,
924 2999 1044 3057 circum·

176 3096 284 3169 scripte
298 3111 504 3169 numeroseque
518 3094 673 3151 dicendum
684 3099 747 3152 eat:
769 3096 850 3169 sequi
871 3097 996 3167 videtur,
1014 3103 1045 3156 ut

177 3193 337 3260 videamus,
368 3210 440 3267 quae
464 3191 523 3250 sint
544 3192 604 3260 illa,
632 3209 705 3267 quae
736 3213 821 3268 supra
855 3196 919 3252 dixi
943 3197 1046 3264 incisa,

179 3308 251 3368 quae
265 3292 402 3349 membra.
445 3293 527 3349 Haec
542 3291 621 3349 enim
643 3291 675 3349 in
689 3293 767 3350 veris
779 3294 874 3351 causis
888 3296 1048 3353 maximam

179 3395 290 3465 partem
303 3388 441 3447 orationis
455 3388 601 3447 obtinent.
632 3390 755 3450 Constat
768 3393 848 3451 enim
860 3394 913 3451 ille
922 3394 1048 3453 ambitur

180 3493 212 3547 nt
224 3493 311 3565 plena
323 3487 544 3564 comprehensio
566 3508 583 3548 e
607 3497 727 3568 quatuor
740 3492 799 3551 sere
813 3492 952 3568 partibus,
975 3509 1047 3570 quae
