2436 4192
482 313 623 391 essuos.
926 351 985 410 ull

115 491 211 550 dictio
225 497 271 550 est
284 493 322 562 ad
335 492 397 559 illa,
410 507 482 566 quae
493 490 594 548 nescio
607 507 668 558 cur,
679 507 747 547 oum
759 489 869 547 Graeci
880 509 990 555 κομμτι

117 595 148 648 et
161 605 223 640 ma
237 591 398 658 nominent,
412 608 464 647 nos
479 607 537 647 non
552 594 632 646 recte
652 588 748 648 inciso
761 593 791 645 et
810 589 938 645 membra
951 587 991 644 ul·

119 707 228 747 camus.
272 689 377 764 Neque
388 688 466 746 enim
478 706 542 745 esse
556 693 686 764 possunt,
697 690 781 744 rebus
796 685 914 760 ignotis,
924 690 993 742 noto

117 789 254 846 nominc:
275 788 327 846 sed
351 805 418 844 eum
440 789 603 854 verbatim
622 786 785 854 suavitatis,
806 790 856 842 aut
875 783 992 858 inopiae

115 903 215 954 eausa,
229 886 383 944 transiens
397 889 551 953 soleamus,
565 885 596 942 in
610 885 744 942 omnibus
759 886 814 941 boe
829 883 992 950 litantibus,

115 989 158 1052 ut,
177 983 272 1041 ”oum
295 984 324 1041 id
350 985 558 1058 appellandum
583 983 876 1056 sit‚quod‚p1·opter
899 999 993 1038 rerum

115 1083 328 1158 iffluorationem
348 1085 484 1156 ipsarum,
499 1084 613 1139 nullum
634 1082 767 1139 habuerit
786 1087 855 1138 ante
876 1099 992 1168 nomen,

118 1181 277 1239 necessitas
288 1187 376 1256 cogat
386 1187 437 1239 aut
447 1198 558 1239 novum
570 1181 666 1238 lucere
676 1183 806 1249 verbum,
817 1185 867 1238 aut
877 1199 894 1238 a
903 1180 993 1238 simili

119 1281 252 1339 mutuari.

160 1382 226 1451 Quo
241 1383 338 1437 autum
351 1384 438 1453 pacto
451 1382 555 1438 deceat
576 1380 670 1438 incise
688 1380 907 1438 membratimve
921 1379 990 1448 dici,
1003 1387 1045 1448 63

110 1479 178 1554 jam
193 1479 374 1536 videbimus:
396 1497 483 1548 nuno,
496 1487 565 1555 quot
587 1481 678 1540 mollis
698 1487 843 1538 mutentur
862 1499 990 1556 compre-

118 1577 278 1636 hensiones
289 1579 557 1655 conclusionesque,
570 1581 727 1638 dicendum
741 1586 794 1637 est.
837 1581 919 1636 Fluit
932 1597 992 1636 om·

117 1677 190 1735 nino
201 1693 362 1735 numerosa
376 1678 468 1752 primo
479 1678 705 1736 tumincitatius
721 1678 863 1734 brevitate
876 1677 990 1750 pedum,

119 1779 179 1832 tum
200 1777 373 1849 proceritate
398 1778 516 1834 tardius.
537 1794 651 1834 cursum
673 1777 877 1833 contentiones
899 1777 991 1848 magis

118 1875 284 1948 requiruut;
314 1875 512 1947 expositiones
536 1891 640 1942 rerum,
664 1877 838 1934 tantitatem.
879 1873 992 1932 Insistit

117 1987 217 2030 cutem
238 1972 364 2029 ambitus
378 1972 471 2028 modis
485 1971 622 2044 pluribus,
632 1989 660 2028 ,ε
674 1972 775 2046 quibus
790 1990 878 2028 unum
891 1977 936 2028 est
949 1973 992 2028 s'e·

118 2076 190 2128 outa
214 2070 287 2127 Asia
301 2070 438 2138 maxime,
457 2067 506 2145 qui
518 2069 671 2128 dichoreus
687 2075 816 2138 vocatur,
837 2089 921 2145 quum
935 2071 992 2128 duo
1073 2093 1080 2128 l

117 2165 244 2226 extremi
257 2169 358 2226 chorei
371 2175 447 2235 sunt,
461 2169 490 2224 id
505 2176 560 2237 est,
583 2187 599 2226 e
613 2169 734 2244 singulis
749 2170 842 2244 longis
854 2177 883 2226 et
899 2171 991 2228 brevi-

116 2269 185 2324 bus:
207 2269 422 2342 explanandum
437 2274 482 2324 est
493 2268 582 2336 enim,
596 2270 671 2344 quod
684 2270 721 2325 ab
729 2268 795 2326 aliis
803 2268 892 2326 iidem
902 2271 989 2343 pedes

117 2361 182 2422 aliis
201 2365 386 2422 nominantur
408 2367 568 2424 vocabulis.
619 2368 782 2425 Dichoreus
804 2375 920 2425 nonest
938 2369 989 2426 ille

116 2463 232 2538 quidem
241 2481 292 2520 sus
306 2470 411 2535 sponte
426 2465 546 2521 vitiosus
560 2465 591 2521 in
605 2467 751 2530 clausulis,
765 2467 816 2522 sed
835 2466 866 2522 in
887 2467 990 2524 oratio

115 2562 161 2619 nis
177 2577 298 2620 numero
313 2560 386 2616 nibil
400 2567 445 2616 est
469 2567 528 2618 tam
550 2561 696 2629 vitiosum,
723 2563 854 2636 quamsi
877 2581 991 2638 semper

116 2666 161 2718 est
175 2659 264 2716 idem.
299 2657 493 2715 vanitantes
506 2677 557 2731 per
570 2677 601 2714 se
615 2660 666 2717 iile
679 2660 741 2733 ipse
755 2665 918 2733 praeclare:
933 2681 989 2737 quo

117 2758 209 2820 etiam
230 2756 350 2814 satietas
373 2756 554 2813 formidanda
576 2763 620 2814 est
634 2759 734 2831 magis.
777 2759 828 2816 Me
842 2767 938 2816 stante
952 2761 988 2818 (i.

117 2857 224 2924 Carbo,
249 2855 284 2913 C.
311 2855 346 2913 F.
373 2855 502 2913 tribunus
525 2855 616 2929 plebis
638 2855 669 2912 in
691 2857 834 2913 concione
854 2857 929 2914 uixit
944 2858 988 2916 his

116 2956 223 3022 verbis,
238 2951 265 3010 0
280 2954 378 3012 Marce
391 2953 497 3022 Druse,
507 2962 618 3030 putrem
631 2953 746 3030 appello.
776 2957 858 3013 Haec
872 2956 988 3030 quidem

116 3054 174 3112 dno
189 3054 265 3111 binis
279 3040 399 3127 pedibus
414 3053 547 3112 incisim:
569 3055 638 3111 dein
653 3054 842 3122 membratim,
855 3061 886 3112 tu
899 3053 987 3116 diemo
1017 3029 1053 3074 ’κ

115 3151 235 3220 solebas,
245 3169 359 3209 sacram
371 3169 430 3209 esse
442 3151 649 3230 rnnpubiioom.
685 3155 768 3210 Hace
779 3153 848 3211 item
859 3160 988 3214 membra

116 3251 216 3309 ternis.
259 3251 328 3308 Post
350 3251 484 3318 ambitus,
503 3250 665 3328 quicumqsw
678 3269 740 3310 eam
753 3252 936 3325 melusisseat,
950 3253 985 3314 ab

115 3347 245 3406 munibus
265 3366 324 3406 esse
343 3347 370 3405 ei
392 3365 498 3426 poenae
520 3351 687 3428 percolentes.
719 3353 880 3412 dichoreus.
912 3354 986 3412 nihil

116 3448 196 3506 enim
211 3450 247 3505 ad
257 3467 327 3516 rem,
336 3454 468 3506 extrema
476 3449 536 3516 ills,
545 3452 631 3526 longa
642 3452 690 3521 sit,
700 3471 738 3511 an
749 3454 856 3512 brevis.
870 3452 985 3515 deinde,

144 3602 167 3637 ’ἶ
182 3614 234 3653 tum
243 3602 269 3648 td
277 3603 434 3660 appellandum
442 3603 489 3664 sit]
519 3603 578 3650 Puto
587 3608 648 3651 reete
658 3606 735 3654 abeno
742 3605 769 3650 lul
779 3604 802 3650 ‘m
811 3604 847 3652 ed.
857 3602 916 3649 Ven.
