2474 4188
504 316 639 368 murus.
763 331 766 342 ·
956 319 997 382 31

117 465 448 533 manutenuimus,
461 466 543 542 anus
560 471 590 523 et
610 464 689 522 alias
709 465 776 524 sunt
793 462 948 532 orationes,
967 468 998 522 et

118 571 223 624 contra
239 565 293 624 ¹1¹1.
309 565 476 624 Gracchum
489 565 623 640 exposita
637 567 682 620 est
695 562 727 619 in
742 562 777 624 O.
794 562 901 620 Fannii
911 579 998 620 anna·

118 663 203 722 libus.
248 664 332 722 'rum
345 664 409 738 ipse
424 665 460 722 L.
476 663 565 720 Cotta
582 667 729 726 veterator
749 659 873 727 habitus,
892 661 951 716 sed.
963 659 999 717 c.

118 763 242 822 Laelius
268 769 300 820 et
313 764 347 820 P.
374 763 530 822 Africanus
551 763 582 822 in
602 763 705 836 primis
725 764 914 837 eloquentes:
935 777 1002 834 quo-

121 878 184 920 nun
197 867 320 920 exstant
336 863 490 929 crationes,
510 879 549 918 ex
570 861 670 936 quibus
690 860 854 918 existimari
872 856 939 916 ⁴ide
960 858 1002 918 in·

118 960 216 1034 ¹geniis
230 967 379 1020 oratorum
392 966 496 1034 potest.
532 961 592 1018 Sed
606 960 682 1018 inter
695 960 757 1026 hos,
767 964 863 1016 aetate
874 959 1004 1032 paullum

121 1058 165 1116 his
186 1061 379 1128 antecedens,
398 1057 489 1117 ⁴⁴sine
510 1057 713 1116 controversia
739 1059 802 1115 Ser.
826 1057 923 1116 Galba
943 1058 1002 1114 elo

119 1159 243 1233 quentia
256 1158 417 1232 praestitit:
438 1163 469 1214 et
482 1157 618 1216 nimimm
632 1157 657 1214 is
671 1157 807 1230 princeps
822 1173 861 1214 ex
875 1155 1003 1222 Latinis,

119 1257 172 1314 illc
185 1261 336 1318 oratorum
354 1256 479 1330 propria,
492 1262 523 1314 et
536 1255 617 1331 quasi
632 1256 762 1330 legitima
786 1271 876 1329 opera
899 1258 1004 1312 tracta·

121 1355 175 1424 vit,
190 1361 226 1414 ut
239 1357 424 1430 egrederetur
437 1373 455 1413 a
470 1356 618 1430 proposito
638 1354 760 1414 ornandi
781 1370 878 1422 causa,
897 1358 929 1411 ut
953 1353 1001 1413 de

118 1457 250 1512 lectaret
261 1455 384 1523 animos,
401 1453 422 1487 ⁴⁵
433 1461 465 1514 ut
478 1459 671 1528 permoveret,
691 1459 722 1512 ut
742 1457 861 1528 augeret
879 1470 952 1520 rem,
969 1455 1003 1510 ut

120 1553 368 1622 miserationibus,
401 1559 434 1612 ut
459 1554 659 1612 communibus
685 1550 759 1611 locis
775 1556 923 1612 uteretur.
948 1551 1003 1609 sed

121 1652 231 1710 nescio
249 1655 392 1727 quomodo
412 1654 506 1728 hujus,
519 1670 605 1728 quern
617 1655 732 1710 constat
743 1633 910 1728 elorpuentic
922 1666 1004 1724 prae·

122 1749 248 1819 stitisse,
270 1752 408 1810 exiliores
430 1752 574 1810 orationes
588 1757 664 1819 sunt,
677 1755 708 1808 et
727 1752 889 1809 redolentes
909 1748 1002 1824 magis

120 1849 341 1926 antiquitatem,
368 1867 454 1924 quam
480 1854 530 1907 aut
558 1850 664 1918 Laelii,
691 1854 741 1908 aut
769 1849 926 1924 Scipionis,
952 1852 1002 1906 aut

120 1949 218 2006 etiam
231 1947 324 2021 ipsius
339 1948 482 2009 Catonis:
502 1948 599 2022 itaque
613 1953 796 2016 exaruerunt,
815 1949 870 2006 vix
887 1947 951 2021 jam
970 1951 1003 2004 ut

118 2049 301 2120 appareant.

160 2145 216 2202 De
230 2143 322 2216 ipsius
336 2143 432 2202 Laelii
451 2147 483 2200 et
508 2143 655 2217 Scipionis
679 2143 809 2218 ingenio,
831 2159 1003 2220 quamquam

120 2261 159 2310 ea
173 2243 242 2316 jam
263 2246 308 2298 est
327 2240 435 2316 opinio,
455 2246 488 2299 ut
505 2242 658 2316 plurimum
683 2243 822 2300 tribuetur
844 2243 1003 2314 ambobus3

120 2340 244 2400 dicendi
258 2344 355 2398 tamen
368 2342 431 2398 laus
444 2343 489 2398 est
502 2341 534 2400 in
546 2341 651 2422 Laelio
664 2341 809 2400 illustrior.
852 2343 896 2401 At
906 2341 1001 2400 oratio

123 2439 226 2498 Laelii
237 2439 274 2496 de
285 2437 426 2512 collegiis,
440 2455 500 2496 uon
515 2439 626 2507 melior,
645 2441 781 2514 quamde
795 2441 893 2498 multis
913 2457 1000 2516 quam

124 2540 219 2606 soles,
248 2536 416 2611 Scipionis:
438 2554 497 2597 non
517 2556 574 2612 quo
593 2537 646 2595 illa
665 2537 762 2596 Laelii
785 2538 940 2614 quidquam
961 2538 1002 2596 sit

124 2637 248 2704 dulcius,
261 2640 311 2692 aut
324 2636 400 2710 quod
417 2636 454 2692 de
474 2636 616 2710 religione
635 2636 696 2696 dici
716 2638 808 2711 possit
830 2637 998 2713 augustius3

124 2736 177 2792 red
198 2735 288 2792 multo
308 2743 408 2792 tamen
429 2733 578 2800 vetustior,
600 2737 632 2790 et
658 2735 798 2792 horridior
824 2735 885 2805 ille,
910 2752 999 2810 quam

124 2831 244 2907 Scipio:
265 2837 305 2900 et,
331 2849 400 2890 cunr
423 2829 483 2888 sint
507 2829 536 2886 in
556 2830 682 2888 dicendo
702 2832 801 2889 variae
821 2835 999 2901 voluntates,

125 2931 267 2990 delectari
281 2930 353 2988 milri
368 2929 461 3004 magis
481 2927 654 3003 antiquitate
674 2927 798 2997 videtur,
818 2934 848 2987 et
868 2931 1000 2988 lubenter

126 3030 224 3088 verbis
244 3029 333 3088 etiam
353 3028 394 3086 uti
412 3029 512 3102 paullo
532 3025 625 3102 magis
646 3027 748 3101 priscis
769 3027 895 3088 Laelius.
938 3029 998 3089 Scd

127 3133 172 3186 est
191 3145 253 3185 mos
274 3125 431 3194 marinum,
450 3130 483 3182 nt
502 3126 597 3184 nolint
622 3127 747 3188 eundem
766 3127 893 3202 pluribus
913 3128 997 3190 rebus

156 3280 179 3314 ⁴³
193 3280 219 3326 de
229 3278 328 3337 ingeritis
336 3279 466 3341 mutorum]
497 3277 577 3328 Cimo
586 3279 672 3342 scripsit
681 3280 728 3328 stoc
735 3281 804 3330 dublo
812 3295 900 3330 marr
914 3283 996 3344 glon-

126 3343 163 3385 tor
172 3339 319 3399 adscripscrat
328 3353 357 3384 sc.
369 3343 487 3396 omarum,
498 3353 552 3399 quos
568 3339 700 3388 nominarat.

156 3415 178 3450 ⁴⁴
192 3417 240 3462 sice
250 3417 405 3476 cordrcversrlr}
421 3417 461 3462 ret.
472 3417 501 3462 ad
511 3418 631 3478 etoquarrtic
638 3433 674 3477 pr.
706 3419 852 3482 Tranrpcsuit
861 3417 949 3478 Cicero,
966 3433 995 3468 nc

126 3475 272 3521 maurita
282 3475 402 3534 menda
411 3479 576 3522 ronurrrerent

156 3551 178 3586 ⁴⁵
192 3553 378 3620 utpmrrqceret]
409 3553 446 3602 Sic
455 3553 516 3602 edidi
525 3560 630 3616 procul:
644 3555 963 3614 cticnrinsltercctorrgrret
971 3569 991 3602 r.

130 3610 167 3662 cd.
181 3611 247 3662 Med.
259 3611 394 3658 vitroscout.
