2436 4192
216 369 281 436 240
512 357 559 412 sn
573 357 770 414 mmm

269 508 322 572 Ab
347 509 493 585 odjumis
519 515 616 568 sutem
643 508 728 584 posui
748 505 883 584 equidem
919 507 1089 580 exemptum

213 612 313 685 poullo
324 615 404 677 aute,
421 611 511 668 murita
534 607 649 667 scilicet
662 606 791 682 adjungi,
817 623 891 681 qnae
901 604 1090 679 suscipiende

215 714 324 777 meent,
337 709 363 765 si
376 708 584 776 sumemus,
598 724 637 764 ex
651 706 749 764 edicto
761 705 922 762 secundum
934 721 985 762 ess
1006 706 1089 762 tabu·

214 809 259 865 las
272 807 482 881 possessiouem
496 807 568 874 duri,
584 823 655 881 ques
676 805 701 862 is
722 804 904 870 instituisset,
926 802 977 860 cui
1001 806 1089 860 tester

215 905 308 964 utenti
333 904 424 963 tectio
450 907 530 962 nutta
557 909 643 962 esset.
685 904 745 962 Sed
769 905 851 960 locus
872 901 922 958 bic
943 899 1091 975 magisud

214 1005 425 1078 conjecturales
453 1019 565 1072 causas,
598 1021 672 1078 quae
703 1004 856 1060 versantur
893 1000 925 1057 in
956 998 1091 1073 judiciis,

214 1105 312 1160 vetet:
332 1103 567 1177 conquaeritur,
580 1103 649 1176 quid
663 1106 713 1159 aut
733 1099 781 1168 sit,
800 1104 852 1158 aut
874 1098 1019 1166 evenerit,
1039 1101 1091 1158 cut

166 1201 341 1270 maturum
354 1201 401 1268 sit,
420 1206 478 1268 eut,
499 1201 567 1275 quid
589 1199 710 1258 omnino
733 1198 795 1256 beri
819 1197 919 1271 possit.
962 1197 1006 1254 At
1029 1195 1090 1254 loci

216 1298 333 1373 quidem
346 1297 537 1373 ipsiust'orma
557 1297 624 1356 telis
646 1303 699 1356 est.
742 1299 892 1356 Admonet
915 1299 1014 1352 eutem
1037 1294 1089 1352 bic

215 1397 306 1463 locus,
319 1402 351 1452 ut
364 1401 524 1470 quaeratur,
537 1396 606 1471 quid
619 1401 689 1454 unte
703 1413 774 1464 rem,
794 1395 863 1470 quid
874 1410 943 1451 cum
957 1411 999 1460 re,
1017 1391 1087 1466 quid

215 1497 282 1568 poet
295 1511 355 1550 rem
369 1493 512 1550 evenerit.
554 1494 638 1550 Nihil
664 1493 721 1551 hoc
745 1495 781 1550 ad
802 1493 869 1566 jus,
887 1490 908 1524 Β
919 1492 957 1548 ad
972 1491 1089 1549 Cicero·

215 1609 294 1659 uem,
306 1590 438 1666 inquibat
451 1591 555 1649 Gallus
569 1571 676 1659 noster,
690 1592 716 1648 si
730 1592 793 1667 quis
807 1592 844 1650 ad
858 1607 924 1648 eum
938 1592 998 1647 tale
1018 1588 1088 1665 quid

217 1693 365 1758 retulerat,
377 1695 409 1748 ut
432 1691 469 1748 de
483 1691 562 1748 iacto
580 1695 771 1765 quaereretur.
791 1695 823 1748 tu
847 1694 945 1747 tamen
969 1688 1091 1763 patiere,

217 1791 329 1848 nullum
346 1806 366 1846 a
385 1805 432 1846 me
454 1787 523 1845 artis
537 1789 687 1847 institutae
701 1791 798 1847 iocum
812 1786 980 1862 praeteriri3
1000 1785 1088 1855 nesi
1211 1845 1212 1850 ,

104 1944 108 1952 ,
217 1887 302 1956 bibit,
315 1887 373 1944 nisi
385 1887 460 1962 quod
474 1888 511 1943 cd
532 1891 562 1944 te
586 1888 739 1960 pertineat,
762 1882 946 1944 scribendum
971 1883 1090 1960 putaris,

217 1986 340 2046 nimium
351 1990 380 2044 te
393 2001 489 2044 amare
503 1984 631 2042 videare.
672 1985 726 2042 Est
739 1985 826 2059 igitur
838 2001 942 2058 magna
954 2001 993 2042 cx
1006 1987 1088 2057 porte

218 2085 299 2142 locus
313 2084 362 2143 hic
386 2083 536 2153 oratorius,
558 2101 619 2142 non
633 2085 719 2141 modo
727 2101 788 2142 nou
807 2083 1089 2155 jurisconsultorum,

218 2185 270 2240 sed
285 2201 322 2241 oe
335 2183 572 2258 pbilosophorum
585 2184 710 2259 quidem.
746 2185 827 2241 Ante
838 2199 898 2239 rem
909 2181 991 2240 enim
1004 2199 1089 2256 quse·

218 2284 327 2347 rantur,
351 2297 424 2353 quae
449 2282 520 2338 tatio
543 2287 619 2350 suut,
643 2286 806 2356 apparatus,
828 2282 985 2356 colloquia,
1000 2283 1090 2348 iocus,

217 2373 444 2448 ¹'constitutum,
470 2379 650 2437 convivium
691 2381 766 2438 tium
794 2398 825 2436 re
848 2385 955 2447 autem,
983 2380 1091 2454 pedum

218 2476 355 2550 crepitus,
369 2478 504 2552 strepitus
517 2479 676 2547 bominum,
689 2496 840 2552 corporum
859 2481 988 2547 umbrae,
1011 2483 1042 2536 et
1064 2477 1090 2534 ei

218 2576 287 2652 quid
300 2575 451 2649 ejusmodi.
493 2578 537 2636 At
549 2583 614 2652 post
627 2595 696 2646 rem,
715 2579 809 2646 rubor,
828 2579 930 2652 pellor,
944 2577 1092 2645 titubatio,
1210 2583 1211 2596 ¹

217 2673 238 2706 ⁸⁰
248 2679 279 2730 et
291 2675 317 2731 si
330 2691 386 2748 qua
399 2675 457 2732 atis
470 2676 555 2750 signa
567 2676 795 2738 conturbationis
817 2681 848 2734 et
868 2676 1090 2734 conscientiae:

217 2777 366 2848 praeterea
378 2773 533 2833 restinctus
546 2775 633 2850 ignis,
641 2775 752 2852 gladius
764 2779 910 2844 cruentus,
921 2780 1093 2850 ceteroque,

217 2889 291 2949 quae
305 2873 500 2948 suspicionem
513 2875 582 2932 iacti
597 2880 717 2948 possunt
730 2892 858 2933 movere.

258 2971 408 3045 Deinceps
422 2977 467 3029 est
480 2975 560 3030 locus
578 2973 795 3032 dialecticorum
816 2973 946 3047 proprius
965 2991 1003 3030 ex
1017 2989 1087 3030 con·

219 3070 413 3142 sequentibus,
430 3076 461 3129 et
474 3073 722 3142 antecedentibus,
743 3078 774 3130 et
787 3073 1024 3148 repugnantibus,
1038 3071 1087 3148 qui

247 3217 269 3251 ⁵⁰
282 3220 313 3264 ud
321 3220 558 3292 Cicesapsmiupn'tut
566 3226 647 3272 Gradus
658 3227 739 3288 mdes]
749 3227 764 3274 i.
776 3243 795 3274 e.
807 3228 838 3274 ad
850 3231 971 3284 autorem,
981 3227 1029 3288 qui,
1038 3240 1088 3274 nm

218 3276 249 3322 de
264 3277 453 3338 tectoquoenbur‚
464 3297 491 3328 ea
500 3283 567 3328 debet
575 3282 721 3330 considerare.
753 3286 801 3334 Ms.
812 3286 842 3333 V.
854 3287 924 3334 habet
933 3285 1057 3345 inquieto&

247 3355 270 3388 ⁵⁹
283 3355 431 3413 constitution
453 3359 598 3430 maistam]
633 3359 785 3411 commum
801 3365 857 3427 quid
871 3380 893 3410 v.
913 3365 936 3410 in
952 3363 1034 3412 clave.
1050 3376 1091 3409 ccc

219 3415 316 3464 nutum
323 3413 487 3464 differtuloco.
518 3415 625 3465 B0etbrus
638 3419 711 3480 jungit
730 3424 872 3470 wstdibstusu
885 3423 1020 3478 concidam,
1037 3421 1092 3468 ite!

219 3475 270 3524 edd
287 3473 352 3522 Med.
363 3473 417 3522 Ald.
433 3475 495 3522 sunt
507 3476 566 3538 quod
575 3480 610 3522 est
619 3480 753 3536 esymbotis.
763 3481 787 3528 id
796 3497 841 3530 uon
854 3482 1044 3532 common
1054 3478 1088 3526 ri-

220 3534 292 3582 detur.
324 3534 367 3582 Ed.
378 3532 437 3582 Veu.
447 3534 579 3583 imtitutum
593 3537 727 3586 manuus.

249 3613 482 3678 despuant]
511 3613 766 3680 Μιιιιιιιιιφωιιω.
1208 3579 1209 3645 i
