2474 4188
67 283 124 362 ff
216 290 258 354 ll
381 247 384 259 ⁵
577 273 714 340 murus.

213 434 291 492 didis
317 435 442 510 scriptis,
465 435 515 514 qui
539 437 602 510 ipse
628 441 690 494 tum
712 434 777 504 luit,
800 431 926 508 intelligi
951 429 1085 492 nsxrns

213 537 319 606 potest.
338 537 460 608 grandes
479 539 563 592 erant
582 534 689 602 verbis,
709 533 803 592 crebri
822 531 987 599 sententiis,
1004 547 1086 588 eom-

211 630 362 703 pressione
382 649 475 691 rerum
499 633 613 702 breves,
641 638 671 691 et
697 631 735 689 ob
758 649 823 689 eam
850 632 943 704 ipsam
966 643 1088 688 causam

183 726 357 786 8lnterdum
376 729 554 788 subobscuri.
594 731 657 788 Sed
670 735 702 788 ut
722 729 904 791 intellectum
922 732 976 795 est,
994 742 1086 802 quarr-

214 830 274 884 tam
300 826 363 886 vim
389 828 510 886 baberet
535 833 682 897 accurata,
715 833 746 886 et
770 827 848 886 lacta
873 824 1087 902 quodammodo

213 925 322 996 orati03
336 930 398 983 turn
411 926 501 984 etiarn
519 927 651 1000 magistri
663 926 782 984 dicendi
794 925 878 983 multi
889 923 986 982 subito
995 922 1088 980 exsti·

213 1027 326 1080 terunt:
342 1028 403 1082 tum
416 1025 578 1082 Leontinus
593 1025 726 1096 Gorgias,
741 1023 980 1096 Thrasymachus
994 1021 1085 1078 chal·

212 1121 362 1189 sedonius,
396 1122 568 1196 Pmtagoras
596 1122 762 1189 Abderites,
792 1120 932 1178 Prodicus
960 1117 1084 1186 ¹³(ieus,

213 1217 338 1291 Hippias
362 1219 461 1286 Eleus,
481 1219 641 1276 inhonore
665 1235 771 1292 magno
791 1217 855 1286 luit,
873 1217 979 1292 aliique
998 1211 1086 1272 multi

213 1317 388 1388 temporibus
402 1317 512 1375 eisdem
526 1319 631 1375 docere
644 1335 677 1374 ae
690 1317 905 1390 profitebantur,
925 1313 1084 1389 arroganti·

212 1413 265 1472 bur
286 1431 356 1470 sane
377 1415 483 1483 verbis,
510 1415 749 1491 quemadmodum
777 1431 866 1473 causa
884 1413 1001 1472 interior
1026 1409 1085 1490 (its

213 1510 294 1570 euim
307 1510 509 1590 loquebantur)
528 1513 654 1572 dicendo
667 1513 730 1570 lieri
744 1512 873 1586 superior
892 1517 999 1586 posset.
1040 1511 1084 1572 lis

178 1607 194 1620 ⁸
212 1611 346 1684 opposuit
367 1629 430 1668 sese
446 1612 590 1680 Socrates,
611 1611 660 1688 qui
671 1610 832 1669 subtilitate
846 1611 970 1684 quedam
987 1609 1085 1682 dispu-

215 1709 298 1766 tandi
311 1710 442 1768 refellere
456 1729 554 1768 eorum
568 1711 701 1770 instituta
715 1712 827 1768 solebat
839 1710 946 1768 verbis.
988 1711 1084 1784 Hujus

213 1823 253 1864 ex
273 1808 423 1866 uberrimis
442 1809 621 1867 sermonibus
640 1809 815 1867 exstiterunt
832 1808 993 1868 doctissimi
1005 1807 1083 1868 viris

213 1905 393 1982 primumque
407 1913 468 1966 tum
481 1909 675 1983 philosophia,
694 1926 755 1970 nou
766 1908 818 1966 illa
831 1910 869 1968 de
882 1913 993 1978 natura,
1007 1925 1085 1984 quae

213 2005 307 2064 luerat
321 2006 475 2082 antiquior,
493 2009 546 2066 sed
562 2009 646 2078 haec,
665 2007 697 2066 in
717 2025 773 2083 qua
793 2007 928 2068 debonis
947 2009 1031 2065 rebus
1051 2011 1085 2066 et

211 2104 307 2172 malis,
333 2106 426 2178 deque
451 2099 599 2164 homiuum
620 2107 684 2164 vita
710 2111 741 2164 et
761 2107 887 2164 moribus
912 2106 1084 2180 disputatur,

212 2198 337 2258 iuventa
353 2201 468 2256 dicitur.
492 2203 723 2275 quodquoniam
743 2221 835 2277 genus
856 2205 894 2262 ub
916 2204 982 2272 hou,
1004 2204 1085 2279 quod

213 2296 420 2371 proposuimus,
441 2300 584 2368 abhorret,
606 2301 793 2376 philosophos
813 2304 892 2361 aliud
918 2303 950 2362 iu
969 2309 1085 2378 tempus

213 2395 394 2468 rejiciamus:
414 2398 452 2455 ad
465 2403 633 2467 oratores,a
650 2400 752 2476 quibus
770 2401 898 2476 degressi
915 2419 1020 2471 sumus,
1038 2419 1084 2460 re·

212 2499 368 2552 vertamur.
416 2495 539 2554 Exstitit
561 2497 649 2571 igitur
670 2498 735 2572 jam
761 2499 878 2557 senibus
910 2500 979 2570 illis,
1010 2517 1084 2576 quos

214 2592 313 2665 paullo
326 2599 395 2650 ante
415 2593 550 2664 diximus,
565 2596 718 2666 leocrates,
737 2597 820 2672 cujus
839 2601 940 2658 domus
959 2605 1086 2658 cunetas

214 2690 359 2749 Graeciae
383 2692 465 2768 quasi
488 2694 571 2752 ludus
594 2695 711 2770 quidam
733 2697 835 2771 patuit,
859 2703 945 2772 atque
965 2699 1085 2756 officina

212 2789 341 2860 dicendi,
361 2809 481 2866 maguus
494 2800 599 2862 orator,
618 2801 650 2853 et
661 2795 805 2868 perlectus
817 2797 964 2870 magister,
984 2813 1084 2871 quam-

212 2905 299 2964 quam
312 2890 419 2949 lorensi
439 2894 505 2949 luce
518 2893 621 2958 caruit,
640 2891 771 2964 intraque
786 2893 911 2964 parietes
932 2895 1004 2953 aluit
1016 2911 1084 2954 eum

211 2987 343 3060 gloriam,
356 3005 441 3062 quam
459 2987 480 3019 ¹⁴
488 3005 584 3055 nemo,
597 3005 663 3044 meo
677 2988 793 3061 quidem
800 2990 924 3064 judicio,
937 2999 981 3052 est
995 2991 1085 3068 polita

212 3086 469 3144 consecutusiaet
479 3087 541 3160 ipse
550 3085 665 3158 scripsit
675 3088 765 3144 multa
776 3091 933 3162 praeclare,
943 3097 973 3150 et
983 3093 1084 3152 docuit

211 3181 304 3238 alios:
325 3189 441 3242 etcum
465 3191 563 3242 cetera
581 3184 694 3252 melius,
716 3203 802 3260 quam
823 3190 992 3264 superiores,
1016 3196 1081 3250 turn

210 3333 265 3440 ,ἐξ
278 3335 360 3441 δεξιαὶ
379 3335 423 3406 ιίίἰο
432 3337 569 3387 scribendum
579 3341 635 3409 erat,
648 3345 674 3413 ut
683 3357 749 3414 repre
758 3343 786 3390 L
804 3343 833 3400 ll,
849 3357 893 3390 uon
903 3343 978 3393 Ceius.
1009 3345 1084 3395 veen

266 3394 331 3440 olurt
359 3393 419 3452 laus,
429 3397 488 3442 uude
497 3398 568 3446 Aldus
578 3399 632 3444 seut
640 3400 709 3449 Cum.-
724 3417 755 3449 ue
764 3409 789 3449 et
796 3402 872 3450 laum.

224 3471 577 3546 ”mmmmm
609 3477 947 3541 stantemstantem
975 3481 1095 3535 stentem

231 3529 672 3598 Quemquamne

804 3659 826 3695 Ι·
