2444 4194
499 356 640 405 mlum
923 366 983 425 165

111 502 260 562 tinuimus:
303 504 375 562 Fuit
387 503 531 564 ornandus
551 505 583 562 in
598 502 724 562 Manilia
741 505 807 579 lege
820 503 982 578 Pompejus.

112 606 272 677 temperate
292 603 423 662 oratioue
436 603 558 662 ornandi
578 603 693 678 eopiem
713 603 859 677 persecuti
879 621 983 662 sumus.

113 701 447 762 issemus-retinendae
458 702 618 778 mejestatis
628 702 741 761 Rabirii
754 720 842 761 oense
855 703 985 762 eontine·

112 801 203 859 hetin.
217 819 286 877 ergo
299 803 332 861 in
345 801 426 861 omni
445 820 552 877 genere
566 801 801 876 emplilientionis
815 802 985 860 exarsimus.

114 900 159 958 A:
184 902 263 959 lmen
290 901 436 959 interdum
460 902 657 974 temperanda,
682 905 713 958 et
736 901 879 960 venienda
908 906 984 959 suut.

115 999 197 1072 Quod
211 999 344 1074 sginum
356 998 378 1033 ⁷⁵
387 985 583 1058 aecusatinnis
597 999 725 1074 quinque
738 999 819 1056 libris
833 1017 892 1058 nnn
905 1019 985 1075 repe·

111 1097 181 1156 riter
194 1096 308 1173 geum?
328 1101 403 1175 quod
424 1099 457 1156 in
472 1095 581 1156 Aviti?
601 1099 679 1172 quod
691 1097 723 1155 in
739 1097 890 1156 Ourneliil
910 1101 986 1174 quod
1004 1117 1010 1128 ·

109 1195 285 1270 inplurimis
299 1197 406 1256 nostris
420 1193 661 1256 defensionibus?
674 1213 751 1272 quee
765 1199 900 1271 exempla
913 1201 985 1256 sele·

109 1293 227 1369 gisseni:
238 1296 297 1354 nisi
311 1298 361 1354 vel
375 1301 445 1354 note
460 1312 523 1352 esse
534 1293 696 1362 arbitrarer,
705 1297 754 1352 vel
768 1313 853 1370 posse
867 1296 984 1372 eligere,

110 1395 161 1469 qui
182 1399 362 1469 quaererent
405 1395 495 1451 Nulla
508 1398 552 1450 est
565 1394 644 1451 enim
664 1396 725 1452 rrlln
744 1393 775 1452 in
795 1413 901 1468 genere
921 1399 999 1454 leus·

107 1491 245 1557 putoris,
258 1493 339 1566 eujus
352 1493 385 1550 iu
398 1491 501 1549 nestris
515 1493 693 1550 orationibus
706 1511 764 1550 non
780 1493 818 1550 sit
838 1495 944 1569 elique,
958 1495 984 1552 si

111 1607 176 1648 uon
198 1589 346 1662 periretis,
367 1595 402 1648 et
419 1596 539 1648 onustus
561 1596 669 1659 temen,
689 1597 774 1665 etque
795 1593 988 1660 adumbratio.¹

111 1690 190 1746 Non:
211 1689 404 1764 assequimur:
429 1696 469 1758 et,
491 1691 562 1764 quid
586 1691 699 1756 deeset,
725 1687 867 1747 videmus.
917 1693 982 1750 Nee

110 1787 190 1847 euim
204 1805 283 1846 nune
292 1790 329 1846 :le
341 1790 435 1857 nobis,
446 1790 499 1846 sed
511 1790 548 1845 de
562 1788 747 1847 redicimus:
762 1789 792 1846 in
804 1805 861 1864 qun
871 1795 983 1849 tentum

110 1889 203 1954 elucet,
224 1893 257 1944 ut
276 1891 380 1944 nostre:
394 1876 538 1953 mi'remun
558 1889 590 1942 ut
610 1904 698 1958 usque
723 1905 759 1944 en
782 1887 928 1956 difficiles,
949 1905 994 1945 ee.

107 1985 218 2043 morosi
232 1985 331 2050 sirmis,
345 1989 377 2040 ut
390 1983 474 2040 nullis
486 2000 544 2040 nou
559 1982 719 2040 satisfaciat
731 1985 795 2058 ipse
812 1986 984 2050 Demosthe·

109 2101 183 2151 nes:
197 2081 248 2156 qui
262 2099 434 2156 quemquem
447 2097 520 2138 unus
534 2081 644 2138 eminet
657 2081 734 2139 iuter
747 2101 848 2140 ornnes
857 2077 890 2142 vin
904 2086 984 2143 omui

110 2201 219 2257 genere
233 2181 361 2250 distendi,
371 2187 468 2238 temen
482 2198 541 2238 nou
556 2199 669 2254 semper
682 2181 784 2256 implet
797 2201 878 2241 aures
893 2202 981 2244 meus.

109 2281 152 2338 ite
182 2286 250 2338 sunt
282 2280 395 2348 avidae,
429 2285 460 2337 et
493 2297 635 2354 enpuees:
665 2285 695 2338 et
725 2299 840 2357 semper
873 2285 981 2361 aliquid

113 2379 295 2446 immensum,
322 2379 523 2454 infinitumque
549 2379 725 2438 desiderent.
788 2383 848 2440 Sed
875 2390 981 2453 temen,
992 2410 1034 2470 30

114 2479 250 2552 quonism
271 2482 302 2534 et
325 2475 402 2534 hune
416 2482 446 2535 tu
460 2483 603 2534 oratorem
616 2495 683 2535 eum
693 2480 754 2552 eg'us
774 2481 983 2542 studiosissimo

111 2576 278 2644 Bemmene,
299 2593 367 2632 eum
387 2593 464 2632 esses
486 2576 622 2660 Athenis,
644 2581 735 2634 totum
759 2579 981 2653 diligentissime

113 2675 300 2750 unguentati:
332 2691 427 2748 neque
464 2691 531 2730 eum
567 2673 690 2730 dimittis
715 2695 734 2732 e
758 2678 914 2734 menibus:
953 2684 982 2736 et

114 2777 214 2832 temen
238 2778 342 2831 nostre
360 2772 449 2829 etiem
476 2771 607 2828 lectius:
639 2773 722 2833 vides
742 2776 881 2848 prolecto,
901 2776 982 2834 illum

113 2875 204 2932 multe-
221 2873 370 2945 perticere,
391 2888 443 2928 nos
464 2872 554 2927 multe
574 2870 689 2928 conari:
715 2871 796 2929 illurn
816 2891 909 2946 posse,
930 2893 982 2938 nos

112 2973 200 3038 selle,
214 2987 392 3046 quecumque
413 2971 498 3027 modo
517 2987 609 3026 eausa
626 2973 759 3044 poslulet,
773 2972 880 3032 (linere.
923 2977 981 3034 Serl

112 3068 169 3127 ille.
195 3085 325 3144 magnus.
361 3085 429 3128 nam
463 3075 494 3126 et
528 3069 669 3128 suecessit
699 3071 761 3145 ipse
796 3074 917 3148 magnis,
951 3085 981 3134 et

111 3167 254 3225 maximos
287 3173 417 3226 oratores·
452 3167 552 3226 hebuit
585 3171 728 3244 eequsles.
759 3189 811 3234 nos
846 3191 980 3250 magnum

37 3309 42 3321 '
141 3321 379 3369 remunerans·
425 3321 533 3380 stulu]
564 3323 867 3398 nuuenmmmumqu
828 3329 981 3398 quesnello

113 3379 211 3438 vulffltn
208 3384 305 3436 septem,
315 3381 402 3426 utvole
431 3386 441 3427 t
456 3381 524 3426 etiam
536 3381 727 3431 Hotomannused
737 3385 790 3432 Div'
768 3401 813 3433 vm
830 3403 853 3433 ιιι
863 3389 967 3434 Verri
945 3405 977 3457 pr.

111 3437 195 3494 Septem
204 3443 241 3485 est
250 3454 264 3484 a
274 3438 360 3484 Ber-eii
331 3454 360 3484 ιιι
360 3453 382 3490 0,
393 3443 470 3485 secuto
478 3443 657 3489 eonsuetudInem
671 3445 845 3515 exemplarium¹
839 3461 862 3492 :n
872 3447 979 3500 Verriuis,

112 3510 169 3566 quae
185 3497 272 3544 iulium
289 3497 419 3556 numerandi
436 3497 602 3556 leeiuntelliv
597 3501 869 3559 :untionernllaeeilium
901 3503 980 3548 Cieero
1059 3503 1065 3516 '

112 3550 222 3614 quidm'
216 3570 271 3616 :pse
268 3549 369 3602 lutrae
373 3559 419 3608 462
429 3557 509 3604 librum
526 3559 645 3613 secuudum
661 3561 810 3614 excusationis
820 3555 878 3612 lenit
890 3575 947 3617 sum,
957 3559 979 3608 in

113 3615 239 3672 praeside
249 3613 456 3668 lantibussictliae
554 3669 559 3679 ,

151 3713 222 3754 ren·
245 3713 291 3753 ιιι.
550 3695 610 3752 15<l
