2444 4192
246 399 309 460 31⁶
513 391 849 444 ouorrrrroouuunu

245 547 277 602 et
295 542 328 600 iu
342 539 449 600 ueteris
470 538 559 599 'auus
573 545 618 598 est
640 541 744 616 cuique
758 557 853 610 sonus,
873 545 903 597 et
916 540 1064 615 quaedam
1081 536 1119 596 ia·

245 640 446 716 teiligentibus
460 644 529 698 uota
542 657 611 696 vox.
653 639 807 697 Oratorum
820 643 918 696 autem
939 639 965 696 si
980 638 1047 713 quis
1060 635 1119 695 ³ita

247 735 379 798 numerat
397 741 478 812 ptura
497 753 614 812 genera,
634 743 667 794 ut
686 737 759 796 alios
777 738 910 813 grandes,
932 741 983 794 aut
1002 753 1118 810 graves,

247 843 298 896 aut
310 837 450 912 copiosos,
469 835 542 894 alios
564 841 676 904 tenues,
703 840 754 893 aut
775 835 907 904 subtiles,
931 838 981 892 aut
1005 837 1121 900 breves,

247 937 320 994 alios
337 935 380 993 eis
401 935 579 1012 interjectos,
603 938 633 991 et
653 939 799 1008 tamquam
813 933 935 992 medios
961 937 1062 1007 putet:
1084 933 1121 990 de

247 1033 411 1093 homiuibus
430 1034 510 1090 dicet
529 1032 647 1108 aliquid,
667 1033 703 1090 de
718 1051 749 1090 re
769 1050 879 1106 pamm.
921 1033 958 1089 lu
978 1049 1010 1088 re
1033 1031 1122 1100 enim,

247 1134 324 1209 quod
337 1133 477 1206 optimum
491 1131 538 1200 sit,
553 1131 712 1206 quaeritur:
733 1129 764 1188 iu
778 1131 897 1188 homine
912 1129 1032 1197 dieitur,
1046 1129 1118 1205 quod

248 1236 301 1290 est.
337 1232 438 1306 ltaque
454 1231 523 1288 iicet
537 1229 635 1287 dioere
650 1235 680 1286 et
698 1229 992 1298 Ennium,summum
1006 1229 1118 1302 epicum

247 1327 376 1403 potitam,
390 1329 416 1386 si
429 1328 479 1386 eui
488 1327 530 1386 ita
544 1329 675 1386 videtur:
697 1333 727 1386 et
741 1327 902 1410 Pacuvium
915 1327 1075 1401 tragicum
1088 1330 1119 1382 et

248 1427 412 1484 Caecilium
434 1429 554 1484 fortasse
568 1427 721 1484 nomicum.
763 1427 912 1484 Oratorem
933 1443 1042 1498 genere
1058 1441 1115 1483 nou

247 1524 358 1582 divido.
384 1525 543 1598 perfeetum
570 1525 649 1583 enim
668 1543 784 1599 quaero.
826 1525 926 1580 Unum
951 1529 995 1580 est
1023 1527 1118 1580 autem

169 1615 171 1621 ⁸
249 1641 340 1698 genus
354 1623 485 1697 perieeti,
498 1639 516 1680 a
529 1639 584 1698 quo
598 1623 647 1696 qui
660 1625 775 1690 absunt,
786 1640 846 1680 non
856 1639 962 1696 genere
973 1621 1119 1688 differunt,

249 1731 282 1782 ut
295 1724 332 1778 ab
347 1722 432 1780 Attio
447 1722 623 1790 Terentium
644 1722 693 1778 sed
708 1722 739 1778 iu
750 1723 854 1778 eodem
871 1739 929 1778 uou
942 1726 1010 1776 sunt
1024 1737 1118 1793 pares.

251 1820 383 1893 Optimus
398 1827 442 1877 est
455 1821 535 1878 enim
552 1825 655 1887 orator,
669 1821 717 1894 qui
735 1821 862 1878 diceudo
876 1819 983 1876 animos
998 1819 1124 1875 audien·

251 1920 322 1977 tium
334 1925 364 1976 et
377 1921 472 1986 docet,
485 1925 515 1974 et
529 1916 665 1986 delectat,
686 1923 715 1974 et
726 1922 886 1991 permovet.
901 1919 1026 1984 Docere,
1043 1916 1122 1972 debi-

250 2023 311 2074 tum
330 2023 389 2075 est:
404 2019 559 2085 delectare,
578 2015 773 2079 honorarium
794 2033 973 2090 permovere,
994 2031 1126 2072 necessa·

250 2115 332 2172 rium.
374 2117 457 2174 Haeo
472 2117 590 2176 utalius
617 2116 728 2184 meiius,
748 2134 834 2190 quam
855 2117 938 2184 nlius,
956 2117 1118 2172 coneeden-

250 2215 318 2270 dum
329 2219 385 2270 est:
402 2229 502 2270 verum
511 2215 541 2270 id
552 2215 584 2272 fit
596 2233 653 2272 non
662 2233 779 2290 genere,
787 2211 837 2272 sed
849 2216 949 2290 gradu.
973 2205 1120 2289 Optimum

249 2308 365 2380 quidem
379 2326 468 2364 unum
484 2317 543 2376 eat3
563 2315 592 2366 et
605 2312 780 2383 proximum,
800 2313 874 2387 quod
889 2313 918 2368 ei
932 2313 1119 2369 simillimum.

250 2422 286 2461 ex
308 2421 364 2480 quo
382 2405 563 2480 perspicuum
583 2412 637 2475 est,
661 2411 736 2483 quod
761 2411 872 2484 optimo
895 2411 1119 2468 dissimillimum

219 2503 297 2572 nsit,
321 2503 351 2561 id
374 2523 437 2562 esse
459 2505 653 2564 deterrimum.
695 2509 774 2566 Nam
794 2507 930 2584 quoniam
954 2507 1120 2583 eloquentia

251 2608 366 2662 ooustst
385 2622 423 2660 ex
438 2604 535 2661 verbis
553 2609 583 2662 et
603 2607 767 2678 sententiis,
788 2608 996 2682 perficiendum
1018 2612 1073 2674 est,
1092 2610 1121 2664 ut

251 2719 320 2775 pure
334 2706 364 2758 et
378 2703 530 2760 emendate
552 2700 709 2784 loquentes,
730 2707 805 2780 quod
819 2711 865 2776 est
884 2705 991 2764 iatine:
1017 2707 1118 2764 verbo·

250 2818 312 2858 rum
326 2808 483 2874 praeterea,
497 2806 527 2857 et
541 2803 725 2888 piopriorum
740 2809 769 2860 er
788 2805 991 2862 translatorum
1006 2805 1122 2877 eiegau·

251 2899 321 2957 tiam
335 2903 548 2972 persequamur:
564 2899 595 2958 iu
610 2902 741 2974 propriis,
754 2907 785 2958 ut
799 2902 946 2975 aptissima
959 2901 1119 2975 eligamus:
1210 2923 1211 2926 ¹

251 2997 281 3054 in
296 2998 451 3066 translatis,
467 3002 498 3054 ut
512 2997 729 3056 similitudinem
750 3001 852 3069 secuti,
872 3001 1040 3057 verecunde
1060 3004 1121 3058 uta·
1210 3011 1211 3056 ζ

251 3111 314 3149 mur
339 3095 452 3152 alienis.
496 3097 712 3155 Sententiarum
740 3103 837 3156 autem
864 3099 986 3156 totidem
1014 3113 1126 3171 genera

249 3195 326 3255 sunt,
346 3198 415 3264 quot
428 3193 553 3252 diximus
574 3213 637 3252 esse
657 3197 780 3254 laudum.
801 3201 868 3254 suut
888 3196 967 3253 enim
985 3195 1126 3263 docendi,

280 3337 292 3370 ²
306 3351 361 3384 suns
370 3344 400 3385 art
410 3343 489 3400 esaiam
498 3347 583 3406 ronan]
600 3347 636 3393 Sic
644 3346 702 3394 bene
712 3348 760 3396 Ms.
770 3347 800 3396 V.
811 3363 852 3410 pro
861 3349 951 3406 vulgato
961 3351 1071 3408 majusque
1081 3362 1126 3396 cer·

160 3466 162 3470 ,
248 3401 286 3445 trra
295 3411 367 3443 mom.
379 3411 430 3443 uam
440 3405 512 3448 sertor
521 3409 555 3450 est
564 3403 586 3448 iu
596 3418 657 3451 ruas.
669 3407 776 3468 cuiusque
791 3415 865 3455 tamen
875 3407 927 3454 sarri
936 3413 1018 3468 posset.

280 3475 337 3522 ³its
352 3481 456 3546 nummo!
469 3480 538 3535 prora
553 3484 653 3544 genera]
685 3483 761 3532 Plora
779 3486 843 3532 abest
862 3486 891 3532 nb
904 3485 983 3532 eodem
1000 3483 1050 3532 Ma.
1083 3485 1127 3532 uod

249 3537 338 3639 {iffi⁸
346 3535 462 3640 ηνιᾶεὶυι·
470 3542 761 3647 {iwrifflcr'ibffldum'
773 3544 827 3606 quin
836 3545 935 3619 sequitur
946 3545 1003 3593 dico
1012 3549 1054 3591 aut
1062 3499 1126 3590 iar

377 3609 461 3652 parram
501 3612 517 3644 s.
554 3613 584 3645 .a
623 3605 697 3658 torn
