2444 4192
239 375 304 442 m
459 365 652 421 orimum
666 359 892 420 enarmonia.

237 535 305 578 aum
318 518 447 586 deorum,
459 520 521 574 tum
534 520 694 592 parentum,
707 517 874 592 patriaeque
884 517 991 584 eatan,
1002 531 1110 576 eorum·

238 634 295 693 que
308 616 466 684 hominum,
477 614 527 690 qui
540 619 588 672 aut
602 614 755 687 sapientia,
769 619 820 673 aut
833 615 937 688 opibus
951 617 1113 684 excellunt,

238 717 277 774 ul
289 716 441 774 earitatem
454 713 553 772 reterri
568 715 650 770 solet.
692 713 840 788 Gonjuges
853 718 961 781 autem,
972 719 1005 770 et
1018 714 1111 781 liberi,

239 819 270 872 et
279 815 390 880 fratrea,
402 810 462 868 ’et
470 811 531 879 alii,
541 828 613 886 quoa
624 829 690 868 neue
702 811 938 886 familiaritasque
947 813 1111 886 conjunxit,

238 929 409 988 quamquam
429 909 519 968 etiam
533 910 656 968 caritate
670 910 742 984 ipsa,
758 915 856 968 tamen
870 927 970 968 amore
983 911 1110 968 maxime

238 1013 432 1072 eontinentur.
473 1012 509 1068 ln
523 1010 569 1069 hie
581 1011 668 1084 igitur
681 1011 763 1066 rebus
775 1027 843 1068 oum
855 1013 933 1068 hona
943 1010 1014 1078 eint,
1024 1011 1108 1068 facile

238 1117 283 1170 eat
304 1111 466 1178 intellectu,
486 1126 561 1186 quae
586 1109 646 1166 aiut
666 1108 819 1166 contraria
861 1109 976 1180 Quodsi
991 1127 1108 1182 semper

238 1211 350 1285 optima
363 1215 465 1266 tenere
478 1225 635 1282 possemus,
649 1207 727 1265 haud
746 1225 827 1274 sane,
839 1208 976 1281 quoniam
996 1209 1111 1283 quidem

190 1313 212 1360 t
238 1325 275 1366 ea
289 1309 442 1382 perspicua
463 1311 539 1374 aunt,
558 1306 682 1388 oonsilio
704 1309 824 1362 multum
848 1291 1010 1378 egeremusss
1052 1308 1111 1364 Sed

236 1406 306 1482 quia
317 1405 501 1478 temperatius,
510 1423 585 1479 quae
598 1404 659 1462 vim
670 1405 779 1462 habent
790 1404 957 1472 maximam,
969 1424 1107 1479 persaepe

236 1502 350 1572 evenit,
372 1510 405 1558 ut
428 1503 537 1560 utilitas
559 1519 626 1558 eum
648 1503 802 1561 honestate
829 1509 931 1571 uertet,
952 1521 1108 1580 earumque

237 1619 330 1660 rerum
342 1601 493 1658 eontentio
515 1601 681 1674 plerumque
703 1603 928 1660 deliberationes
949 1604 1049 1671 efficit,
1070 1621 1107 1662 ne

236 1706 286 1758 aut
298 1706 459 1774 opportuna
472 1704 586 1773 propter
596 1698 777 1774 dignitatem,
791 1706 840 1758 aut
854 1703 973 1758 honesta
985 1707 1108 1774 propter

236 1799 391 1858 utilitatem
405 1798 616 1872 relinquantur:
637 1799 675 1854 ad
695 1799 770 1856 hane
792 1799 987 1866 difficultatem
1006 1801 1105 1872 expli·

236 1899 360 1956 eandam
381 1902 536 1970 praecepta
560 1896 724 1952 reseramus.
766 1897 806 1954 Et
826 1899 960 1972 quoniam
982 1917 1042 1954 non
1064 1900 1107 1956 ad

236 1996 389 2054 veritatem
401 1996 503 2061 solum,
516 1995 568 2050 aed
587 1994 676 2052 etiam
697 1995 734 2050 ad
757 1995 911 2068 opiniones
931 2015 1039 2066 eorum,
1052 1999 1106 2073 qui

235 2095 365 2161 audiunt,
378 2094 625 2152 accommodanda
645 2098 691 2150 est
710 2093 821 2151 oratio:
843 2096 899 2152 hoo
924 2095 1047 2168 primum
1060 2097 1105 2156 in·

235 2191 408 2263 telligamus‚
418 2191 567 2248 hominum
578 2193 635 2248 duo
648 2209 712 2248 esee
726 2211 847 2266 genera3
867 2196 990 2253 alterum
1004 2197 1103 2254 indon-

234 2291 294 2342 tum
321 2293 351 2342 et
377 2293 499 2358 agreste,
526 2290 601 2360 quod
629 2291 775 2348 anteferat
800 2309 914 2365 semper
945 2295 1103 2354 utilitatem
1214 2285 1215 2310 ³

233 2381 388 2449 honestari,
401 2383 523 2439 alterurn
541 2381 562 2414 ²⁸
573 2385 729 2445 humanum
739 2394 770 2446 et
783 2390 912 2463 politum,
925 2394 1006 2465 quod
1019 2395 1104 2450 rebus

232 2481 366 2540 omnibus
386 2481 559 2555 dignitatem
579 2489 746 2557 anteponat.
788 2487 890 2562 ltaque
912 2489 981 2547 huie
1001 2492 1104 2564 generi

232 2585 305 2650 laus,
319 2582 419 2649 honor,
432 2580 532 2654 gloria,
547 2582 626 2650 tides,
639 2583 764 2656 justitia,
777 2587 928 2661 omnisque
943 2589 1045 2658 virtus,
1058 2591 1103 2650 illi

233 2686 329 2738 autem
342 2678 435 2745 alteri,
449 2685 593 2752 quaestus,
607 2683 840 2753 emolumentum,
853 2686 1018 2762 truotueque
1038 2707 1102 2763 pro·

232 2782 355 2860 ponitur.
394 2777 521 2854 ²'Atque
535 2780 624 2840 etiam
648 2783 791 2859 volptas,
809 2803 882 2859 quae
906 2787 1036 2846 maxime
1054 2793 1101 2846 eat
1212 2797 1213 2816 ³

232 2883 351 2954 inimica
372 2877 481 2945 virtuti,
496 2877 619 2954 bonique
640 2885 771 2939 naturam
792 2883 936 2942 fallaciter
956 2884 1100 2944 imitando
1211 2959 1212 2966 ἵ

260 3037 284 3070 ⁹³
299 3033 387 3096 aurit]
418 3031 466 3080 Mr.
476 3033 505 3080 u.
515 3029 575 3090 ati,
589 3034 669 3081 melior
679 3035 776 3083 tortario.

260 3115 283 3146 2⁴
297 3114 358 3160 lam.
370 3113 509 3172 amatura]
540 3112 681 3160 flavent.
693 3117 987 3177 apamenamatmargo:
1001 3119 1100 3166 auem

232 3167 358 3226 molitum,
368 3171 432 3229 prad,
443 3174 485 3216 etc.

139 3279 152 3294 ,
259 3245 282 3278 ¹⁸
296 3248 368 3303 Alpaoe
377 3248 442 3293 etiam
451 3248 569 3308 voluptua]
586 3248 631 3294 Hie
640 3249 699 3295 loeus
707 3250 729 3298 in
739 3253 835 3323 vulgatis
842 3267 910 3314 prava
919 3254 1100 3316 interpunctione
1210 3285 1211 3309 r

231 3302 323 3372 yitiatue
332 3307 373 3355 ert,
383 3318 448 3362 quarn
458 3317 498 3350 nos
507 3305 645 3351 correximus.
677 3307 775 3357 Primum
785 3311 872 3358 mittum
882 3325 954 3358 novae
967 3313 1054 3373 periodi
1063 3319 1100 3362 ent

230 3377 254 3408 rn
263 3364 335 3421 Atque
342 3364 414 3405 amna
430 3365 455 3405 et
463 3362 494 3404 aie
500 3367 534 3406 eat
543 3362 565 3407 in
575 3363 609 3407 ed.
618 3363 676 3410 ven.
684 3366 765 3417 deinde
774 3369 847 3417 omnia
855 3385 900 3416 uno
909 3375 988 3417 tenore
997 3373 1100 3420 continn-

230 3418 488 3491 interemantque
498 3419 612 3465 &wudu
621 3427 658 3478 ⁶5¹,
669 3423 707 3470 uhi
717 3434 741 3474 et
750 3429 803 3476 sinit
812 3429 846 3475 ed.
858 3429 921 3474 Junt
932 3445 982 3476 enm
992 3431 1061 3476 stulte
1071 3431 1096 3477 ln

230 3481 326 3551 vulgatu
339 3491 390 3524 novr
400 3479 467 3522 etiam
477 3481 555 3544 capitu
565 3483 652 3548 mittum
662 3483 691 3528 ait
704 3483 726 3530 in
737 3487 809 3536 verbis
824 3487 851 3534 a'n
859 3488 978 3534 audendo.
1010 3489 1097 3536 Rums
1209 3509 1210 3514 ¹

230 3538 316 3586 irinum
326 3550 396 3584 novae
406 3537 528 3582 sententiae
541 3541 574 3582 eat
583 3553 606 3584 m
616 3540 688 3588 verbis
697 3543 729 3589 Et
738 3545 799 3593 ulna
808 3545 938 3603 mumolum,
947 3551 973 3593 ut
982 3551 1017 3594 eat
1026 3547 1095 3593 etiam
1209 3531 1210 3555 ¹

231 3597 253 3642 in
262 3597 309 3645 Ma.
319 3597 348 3642 V.
360 3595 404 3642 Ed.
415 3594 474 3641 Ven.
485 3592 606 3644 Mam
619 3603 656 3645 ast.
