2444 4194
222 367 282 426 152
582 355 726 412 emron

218 524 290 576 rum,
303 505 341 565 de
354 505 457 584 quibus
470 508 640 584 supradixi,
654 508 747 584 magis
767 505 974 582 fflrtinguendn
989 505 1089 564 simiti-

218 607 289 664 tudo
310 607 433 677 videtur,
451 608 500 684 qui
517 624 619 666 ornnes
643 608 761 666 eosdem
781 608 883 664 volunt
905 605 1001 674 flores,
1020 615 1089 681 quos·

218 705 338 764 adhibet
350 711 445 764 orstor
455 708 487 766 in
500 706 606 775 comis,
618 707 761 784 persequi.
803 707 863 766 Sed
876 706 934 763 hoc
945 705 1090 774 differunt,

218 807 304 880 quod,
317 823 383 864 cum
396 805 434 864 sit
447 805 493 864 hir
507 807 685 882 propositum
705 823 764 866 non
785 805 951 880 perturbare
968 804 1090 873 animos,

219 906 271 963 sed
289 907 406 979 plccure
420 907 536 980 potius:
557 923 613 964 neo
628 912 687 964 tum
700 907 882 980 persuadere,
895 921 982 980 quum
996 905 1091 961 delec-

219 1007 296 1062 nro:
319 1007 351 1062 et
370 1005 500 1079 apertius
519 1003 551 1068 iu
570 1003 690 1072 iaciunt,
703 1021 789 1081 quem
811 1020 874 1072 nos,
894 1008 925 1060 et
946 1003 1090 1061 crebrius:

219 1103 382 1164 concinnus
395 1104 488 1180 mugio
501 1104 662 1162 sententias
682 1103 848 1178 exquirunt,
860 1119 947 1178 quarn
960 1101 1092 1176 probabi-

219 1203 281 1259 les:
310 1220 329 1260 u
351 1221 383 1261 rc
403 1221 491 1278 saepe
512 1203 675 1271 discedunt,
696 1201 833 1260 intexunt
855 1201 977 1268 subules,
1001 1201 1093 1258 verbo

219 1301 346 1374 apertius
360 1302 543 1371 transierunt,
563 1320 655 1377 enque
678 1303 721 1360 itu
734 1298 899 1375 disponunt,
913 1304 946 1359 ut
965 1297 1092 1376 pictores

220 1397 392 1456 varietatem
412 1403 556 1458 colorum:
578 1400 659 1475 paria
678 1398 795 1474 poribus
815 1398 953 1467 referunt,
967 1399 1094 1456 adverso

218 1496 380 1563 contrariis,
395 1499 620 1574 saepissimeque
633 1497 769 1558 similiter
789 1504 921 1557 extremo
939 1497 1093 1556 definiunt.

166 1596 208 1656 2⁰
221 1595 299 1656 Huic
313 1597 414 1672 generi
436 1597 555 1656 historin
576 1597 700 1656 tinitIms
720 1602 774 1666 est,
788 1597 821 1655 in
839 1615 896 1672 quc
917 1601 950 1654 et
962 1603 1094 1656 norrutrrr

219 1700 330 1764 ornate,
345 1702 375 1755 et
397 1697 478 1772 regio
498 1714 586 1771 saepe
609 1701 659 1754 cut
678 1713 775 1772 pugno
794 1695 983 1754 describitur:
1006 1695 1093 1754 inter·

219 1801 364 1874 ponuntur
377 1795 466 1854 etium
486 1795 645 1854 conciones
665 1799 695 1853 et
713 1796 908 1854 hortationes:
929 1795 983 1852 sed
996 1795 1029 1852 in
1047 1793 1093 1852 b'u

220 1901 312 1956 trucis
326 1897 467 1972 quaedam
481 1900 512 1953 et
524 1895 616 1953 fluens
629 1894 784 1969 expetitur,
798 1911 856 1953 non
871 1895 944 1952 haec
959 1899 1094 1953 contorto

220 2001 251 2054 et
273 1997 348 2056 ocus
370 1995 471 2054 cretio.
519 1996 569 2053 Ab
589 1994 635 2053 his
657 2011 716 2052 non
734 1995 826 2051 multo
851 2010 945 2061 secus,
966 2009 1093 2068 quemn

221 2095 330 2172 potitis,
343 2097 418 2154 huec
439 2093 614 2170 eloquentia,
628 2111 714 2170 quum
733 2091 904 2168 quaerimus,
924 2091 1093 2150 sevocanda

158 2235 161 2244 .
221 2199 275 2252 est.
296 2211 364 2250 num
385 2194 475 2250 etium
487 2190 593 2265 poetae
612 2191 812 2268 quaestionem
831 2193 1000 2259 attuierunt,
1014 2191 1093 2266 quid·

220 2306 288 2350 num
301 2293 378 2346 esset
391 2290 473 2357 illud,
486 2306 543 2363 quo
556 2289 613 2362 ipsi
627 2289 777 2348 differrent
794 2291 832 2348 nb
848 2290 1018 2349 oratoribus.
1040 2307 1094 2349 nu·

221 2405 301 2448 mero
315 2386 442 2444 maxime
457 2386 632 2446 videbuntur
645 2394 740 2458 anteo,
753 2393 784 2447 et
797 2407 902 2447 versu:
923 2407 1003 2448 nunc
1017 2389 1095 2464 opud

220 2492 348 2546 oratores
362 2487 427 2561 jum
440 2487 503 2561 ipse
522 2504 656 2545 numerus
677 2487 845 2545 increbruit.
887 2487 1036 2563 Quidquid
1049 2493 1095 2546 est

220 2587 309 2654 enim,
335 2588 412 2661 quod
440 2589 494 2644 sub
521 2586 632 2644 aurium
659 2604 823 2643 mensurum
849 2586 975 2662 aliquam
1003 2586 1095 2656 cudit,

220 2683 335 2745 etiarnsi
356 2687 438 2743 abest
452 2703 579 2753 eversu,
595 2682 678 2763 (nem
699 2684 729 2742 id
751 2685 867 2760 quidem
888 2685 1028 2744 orationis
1049 2691 1096 2744 est
1216 2720 1217 2741 t

221 2781 350 2864 vitium)
371 2803 505 2844 numerus
527 2789 658 2853 vocetur,
682 2784 730 2860 qui
751 2800 856 2858 graece
876 2787 961 2856 ῥυθμκ
977 2783 1095 2843 dicitur.

222 2887 324 2962 ltaque
338 2886 429 2945 video
442 2885 537 2944 visum
551 2903 615 2942 esse
627 2883 783 2951 nonnullis,
794 2883 928 2940 Platonis
942 2887 973 2940 et
987 2883 1098 2941 Demo·

221 2986 288 3042 criti
302 2985 488 3054 locutionem,
506 2985 561 3041 etsi
575 2984 651 3040 obsit
664 3000 683 3039 a
696 2999 791 3050 versu,
805 2986 914 3049 tomen,
927 2982 1004 3056 quod
1024 2982 1098 3040 inci·

222 3067 309 3140 tutius
317 3082 433 3152 scrutur,
443 3088 475 3140 et
485 3081 651 3140 clarissimis
663 3083 815 3139 verborum
823 3081 980 3137 luminibus
991 3079 1099 3150 ututur,

221 3179 317 3254 potius
331 3179 435 3250 poiima
449 3181 615 3253 putandum,
629 3199 714 3256 quum
727 3180 904 3238 comicorum
924 3178 1098 3254 poetarum:

222 3276 299 3350 apud
321 3294 401 3349 quos,
418 3277 475 3334 nisi
496 3280 573 3351 quod
594 3279 733 3337 versiculi
754 3284 831 3347 sunt,
853 3277 928 3338 nibil
950 3284 997 3336 est
1017 3279 1099 3336 atiud
1214 3347 1215 3356 χ

224 3373 387 3452 quotidiani
397 3373 537 3432 dissimile
548 3375 698 3434 sermonis.
720 3376 1100 3452 neotumenidestpob‘tue

223 3473 382 3537 maximum
394 3475 402 3530 τ’
423 3473 478 3530 eni
492 3481 535 3530 est
555 3491 592 3530 eo
613 3475 793 3544 laudubitior‚
807 3477 883 3552 quod
897 3477 1022 3534 virtutes
1035 3491 1098 3534 ora·

224 3575 294 3638 toris
320 3572 507 3652 persequitur,
531 3590 600 3634 oum
626 3592 712 3634 versu
738 3575 777 3634 sit
802 3575 977 3636 adstrictior.
1032 3575 1098 3652 ugo
1213 3637 1214 3644 ἶ
