2444 4192
347 339 542 392 osrnonrrn
555 341 781 396 Pmstdlottm.
829 329 833 344 “
912 351 913 354 ’
938 349 1008 413 eos

139 487 303 548 otconiuss
316 494 391 550 suot.
432 488 588 548 Rationum
615 494 645 549 et
669 491 911 568 firmomentoruro
934 507 1005 552 con·
1064 485 1065 492 '

140 587 234 646 tentio
259 589 377 646 adducit
402 588 433 646 in
457 594 609 662 angustum
635 589 887 662 disceptationem.
912 606 948 645 eo
972 588 1004 646 in

139 685 307 760 conjecturs
320 689 400 744 nulls
412 693 465 745 est
506 687 703 747 Nemoenim
725 687 797 762 ejus,
820 687 897 762 quod
918 691 1006 761 negot

138 786 255 856 fectum,
269 787 412 846 rationem
426 793 475 846 ent
489 794 593 862 potest,
607 793 656 846 eut
669 789 765 856 debet,
785 792 836 847 sut
848 787 929 846 solet
944 787 1006 846 red

139 885 217 944 dere.
259 888 360 962 ltaque
373 887 404 945 in
419 887 464 944 his
477 887 572 946 censis
584 889 733 944 eademst
754 887 846 960 primo
865 885 1007 962 quaestio,

140 988 171 1041 et
185 984 367 1058 ‚disceptatio
386 990 590 1044 estextremo.
618 985 667 1043 ·ln
687 985 747 1042 iilis
766 990 880 1053 eutem,.
892 985 942 1043 ubi
965 985 1008 1043 ito

138 1082 253 1150 dicitur,
272 1084 301 1142 N
303 1101 342 1142 on
355 1085 460 1143 minuit
469 1084 660 1156 mejeststem,
674 1085 750 1157 quod
764 1083 824 1158 egit
849 1085 887 1140 de
903 1083 1009 1158 Coepi·

139 1199 197 1238 one
223 1182 429 1240 turbulentius:
450 1182 548 1256 populi
562 1181 641 1240 enim
662 1182 787 1240 Romani
810 1184 892 1240 dolor
910 1183 1009 1255 justos

139 1279 203 1336 vim
228 1279 309 1338 ittam
336 1280 489 1348 excitavit,
513 1297 572 1338 non
605 1281 712 1338 tribuni
739 1281 839 1338 actio:
872 1283 1009 1356 mejestss

140 1383 248 1444 eutem,
259 1378 394 1452 quonism
407 1385 451 1436 est
461 1379 630 1452 magnitudo
639 1381 781 1454 quaedam
793 1381 893 1454 populi
903 1381 1010 1442 Romo-

140 1475 184 1544 ni,
194 1476 225 1533 in
234 1477 294 1549 ejus
306 1483 447 1550 potestate
455 1479 564 1550 aojure
572 1479 733 1546 retinendo,
744 1484 830 1537 sucta
838 1485 884 1538 est
896 1481 1006 1553 potios:

140 1591 227 1650 quom
240 1575 399 1632 diminute:
419 1581 450 1634 ct
462 1576 511 1634 uhi
531 1576 572 1634 its
592 1577 728 1645 reterturr
751 1577 892 1648 Msjestns
912 1578 1009 1640 estin

140 1673 357 1748 impediatque
375 1671 395 1705 ⁴³
405 1673 437 1732 in
450 1674 577 1732 nominis
589 1674 689 1746 populi
710 1674 836 1730 Romani
855 1673 1009 1748 dignitate,

141 1789 229 1849 quem
249 1773 407 1838 minuitis,
431 1773 480 1847 qni
502 1789 554 1844 per
580 1771 641 1828 vim
665 1771 857 1829 multitudinis
884 1789 945 1829 rem
972 1773 1009 1830 sd

142 1870 317 1928 seditionem
337 1869 475 1928 vocavit:
496 1868 611 1926 exsistit
630 1869 683 1926 illo
695 1869 891 1944 discepteti03
914 1870 1010 1928 Minu·

141 1968 241 2025 eritne·
251 1969 441 2040 majestatem,
455 1967 503 2040 qni
518 1969 669 2024 voluntate
686 1968 783 2040 populi
803 1969 928 2026 Romani
949 1986 1010 2030 rem

142 2071 264 2142 gratem,
284 2071 313 2122 et
333 2080 455 2140 aequom
478 2065 612 2138 pervim
635 2066 736 2140 egerit.
786 2068 822 2124 In
845 2067 890 2123 his
914 2071 1012 2126 sotem

142 2165 249 2233 causis,
269 2164 446 2239 odistiquid
473 2164 688 2230 secretarium,
715 2169 765 2222 eut
791 2167 1012 2226 concedendum

144 2281 210 2322 esse
229 2261 365 2322 49ΐεοίιιηι
378 2264 550 2333 detenditur,
564 2281 630 2322 cum
644 2269 689 2320 est
702 2263 772 2321 secti
785 2265 915 2338 subjecte
928 2267 1011 2336 ratio,

145 2362 222 2420 sicut
235 2364 272 2418 ab
286 2362 412 2434 Opimio,
437 2364 506 2420 Jore
521 2363 588 2430 ieci,
610 2361 710 2420 solutis
730 2364 869 2430 omnium,
890 2370 921 2422 et
944 2382 1012 2424 con·

145 2463 308 2520 servandae
336 2461 512 2532 reipublicae
539 2477 648 2518 causa:
682 2463 859 2534 relatumque
894 2467 939 2518 est
975 2465 1012 2520 ab

146 2559 253 2626 Decio,
273 2559 320 2615 Ne
334 2557 587 2617 sceleratissimum
605 2557 721 2631 quidem
734 2557 841 2626 civem,
855 2558 918 2616 sine
936 2559 1013 2632 judi.
1093 2571 1114 2642 ⁵.

146 2658 204 2724 cio,
219 2658 285 2732 jure
298 2659 358 2713 utto
372 2661 476 2714 necare
491 2655 627 2728 potuisti:
645 2655 736 2712 ‘oritur
748 2655 800 2714 itte
823 2657 1013 2732 disceptatio;

149 2756 318 2817 Potueritne
346 2760 435 2822 recte,
458 2753 558 2810 solutis
586 2753 761 2826 reipublicae
784 2771 880 2823 causo,
905 2756 1013 2826 civem,

81 2871 90 2896 ¹
149 2871 315 2914 eversorem
328 2851 467 2920 civitatis,
481 2852 680 2934 indemnatum
693 2869 798 2908 necere
810 2850 822 2910 t
843 2853 889 2910 lte
902 2853 1014 2928 discep-

148 3025 169 3057 e.
181 3023 238 3071 quse
247 3011 340 3055 affirmat
350 3011 464 3054 accusator
473 3009 497 3053 et
505 3009 572 3065 neget
584 3005 690 3062 defensor,
699 3020 748 3052 cum
758 3005 845 3052 ratione
859 3005 971 3068 utriusque
984 3009 1013 3057 od

84 3108 92 3132 0
166 3068 301 3115 uaestiooem
310 3081 377 3112 unam
385 3065 491 3125 redigitur
500 3083 507 3126 ;
524 3071 549 3112 ut
563 3066 586 3110 in
597 3063 650 3110 illo:
665 3064 802 3110 minorum
818 3065 951 3123 majestatem
963 3083 1012 3126 pop.

148 3084 180 3176 dt.
191 3125 365 3186 quiremprpuo
372 3131 460 3184 grdom
468 3129 488 3171 et
504 3139 595 3186 aeqrrsm
608 3137 649 3180 per
658 3123 703 3169 vim
712 3123 800 3180 egerit?
814 3123 878 3170 Haec
885 3124 1015 3187 disceptatio

149 3191 201 3232 erat
209 3186 256 3230 lats
266 3189 289 3231 et
298 3184 394 3240 centron,
410 3199 459 3231 curn
468 3187 583 3230 accusator
593 3183 688 3229 diceret:
705 3181 790 3227 minuit
804 3183 858 3228 trs).
868 3183 899 3240 pl.
917 3187 1015 3245 projesta-

150 3250 205 3291 tem:
221 3258 275 3290 nom
284 3243 371 3301 egr'totr
380 3243 439 3290 cim:
454 3243 566 3289 defensor:
583 3257 629 3288 rrorr
636 3240 781 3299 mocitmj.
796 3255 850 3288 mm
865 3257 911 3288 rem
928 3246 972 3302 egit
980 3261 1015 3292 ac-

150 3317 217 3365 qrrom
227 3307 247 3348 et
254 3307 342 3361 gratnm
349 3303 436 3358 pondo,
447 3306 468 3347 rt
475 3303 557 3348 oolmtc
562 3301 650 3358 poprrbr.

181 3381 366 3438 “incomipop
377 3379 408 3426 R.
418 3379 452 3439 d]
484 3379 531 3425 Ms.
543 3379 570 3425 n.
581 3383 605 3424 et
614 3380 650 3426 sd.
661 3378 718 3426 Ven.
729 3378 756 3424 irr
771 3379 867 3425 nonduin
884 3394 932 3435 pop.
943 3379 974 3424 R.
991 3380 1013 3426 d.

151 3439 211 3500 quod
219 3455 296 3486 verum
305 3445 345 3486 est.
377 3439 438 3485 Nam
455 3437 485 3484 sie
499 3452 545 3484 sem
575 3437 622 3484 rin
638 3438 680 3486 hss
697 3437 825 3484 definitione
844 3437 967 3494 majestatis
981 3442 1019 3486 est

151 3498 210 3562 epod
217 3501 310 3546 veteres.
342 3499 388 3546 Sed
395 3499 422 3544 in
432 3496 501 3542 etiam
510 3496 590 3542 erodit
599 3496 622 3542 in
631 3496 746 3558 principio,
756 3495 823 3556 idque
832 3493 974 3542 restituimur.

180 3575 318 3642 “sutum
334 3576 406 3626 Abest
415 3576 450 3623 ed.
462 3574 521 3624 Veo.
530 3575 595 3634 bens,
606 3574 727 3635 otopinor.
