2436 4192
502 315 644 368 asason.
941 325 1001 389 tlt

129 466 255 544 quidque
270 454 506 533 erit'tlioeudum,
529 465 571 524 itt
584 464 683 524 diost:
703 481 760 524 neo
780 471 876 526 satum
890 469 1000 543 jejune,

132 583 189 624 neo
210 563 332 640 grandia
345 563 463 632 minute,
483 581 538 622 neo
552 565 624 622 item
646 570 757 634 eontra,
780 567 832 623 sed
847 567 902 624 erit
919 571 1000 626 rebus

122 663 213 738 ‚ipsis
231 679 284 737 par
303 666 334 720 et
360 661 492 738 aequalis
510 663 611 720 oratio.
652 663 803 738 Principis
827 669 1001 736 vemounslo,

133 779 194 820 non
204 761 290 819 etatis
300 760 423 818 iueensa
436 761 543 830 veihis,
554 763 607 818 sed
621 767 707 820 acuta
727 764 891 832 sententiis,
902 767 953 822 vel
965 767 1003 824 ad

131 860 321 920 offensionem
342 859 509 929 adversarii,
532 863 631 918 velud
651 863 933 922 commendationem
947 863 1000 922 sui.

132 960 322 1024 Narrationes
336 957 499 1027 credibiles,
521 976 577 1016 neo
600 960 747 1029 historico,
761 964 813 1019 ssd
826 979 913 1036 pmpe
934 981 1002 1038 quo-
1091 973 1098 978 “

127 1059 239 1124 titiano
259 1053 392 1118 sermone
407 1061 574 1134 explicatae
588 1059 724 1118 dilucide.
768 1061 847 1118 Dein
861 1061 886 1117 si
899 1067 1001 1120 tenues

133 1178 248 1228 causae,
262 1166 322 1220 tum
336 1162 426 1220 etiam
440 1152 659 1234 mgumeoisntli
673 1163 759 1216 tenue
770 1160 850 1217 iilum
863 1165 894 1216 et
906 1159 937 1218 iu
951 1162 1001 1218 do·

128 1261 239 1327 sendo,
253 1265 284 1318 et
296 1261 328 1318 in
342 1261 519 1328 rosellanam
534 1259 619 1332 idque
629 1257 671 1314 ita
683 1258 835 1327 tenebitur,
843 1263 883 1326 ut,
891 1264 999 1334 quanta

127 1361 165 1418 ad
180 1375 252 1428 sem,
265 1365 346 1418 tauta
359 1361 399 1418 sd
410 1359 572 1417 orationem
591 1359 641 1416 liat
654 1357 794 1442 aeoessio.
809 1397 811 1402 s
836 1357 912 1416 Cum
926 1376 997 1418 vero

127 1475 219 1518 eausa
232 1475 267 1514 ea
280 1459 425 1526 insiderit,
437 1459 469 1516 in
491 1475 548 1532 qua
567 1458 613 1516 vis
637 1457 820 1534 eloquentiae
841 1457 932 1530 possit
945 1475 995 1516 ex·

124 1555 237 1631 promi:
258 1559 320 1612 tum
346 1573 378 1612 se
405 1556 489 1614 latius
517 1558 617 1616 landet
643 1563 746 1624 orator,
769 1562 831 1614 tum
857 1561 938 1629 reget
964 1561 995 1614 et

125 1654 227 1712 flectet
240 1653 361 1720 animos,
371 1659 401 1712 et
411 1655 453 1712 sio
464 1656 581 1724 afficiet,
594 1660 627 1712 ut
640 1657 730 1722 volet,
739 1655 770 1711 id
780 1660 834 1720 est,
844 1657 876 1710 ut
889 1671 993 1712 causae

126 1757 238 1820 natura,
257 1759 287 1810 et
300 1754 374 1811 ratio
387 1754 525 1826 temporis
538 1753 703 1826 postulabit.
745 1753 805 1810 Sed
818 1751 873 1809 erit
886 1754 994 1825 duplex
1085 1765 1088 1770 '

124 1851 221 1910 omnis
245 1851 306 1923 ejus
331 1856 448 1908 ornatus
474 1851 526 1906 ille
554 1850 740 1918 admmumlis,
767 1855 882 1924 propter
908 1867 994 1924 quem

121 1947 259 2006 aseendit
271 1949 305 2004 in
319 1950 432 2004 tantum
457 1949 596 2004 honorem
617 1947 791 2022 eloquentia.
832 1947 911 2003 Nsm
927 1965 995 2006 oum

120 2043 221 2104 omnis
235 2061 299 2117 pars
313 2044 452 2102 orationis
465 2063 530 2102 esse
543 2046 630 2118 debet
653 2045 871 2113 laudabilique
886 2051 917 2102 ut
930 2061 994 2103 ver·

120 2148 192 2204 bum
206 2144 325 2210 nullum,
340 2141 396 2200 uisi
410 2149 461 2200 aut
474 2161 573 2218 grave,
583 2149 633 2204 aut
645 2146 764 2218 elegans
776 2144 911 2214 exsistam
932 2149 992 2204 tum

119 2248 187 2300 sunt
215 2242 344 2300 maxime
372 2242 543 2312 luminosae,
571 2247 601 2300 et
627 2243 709 2319 qussi
736 2252 873 2302 actuosae
896 2251 992 2318 partes

119 2343 212 2400 sluaa:
233 2357 351 2416 quarum
364 2343 484 2400 alteram
504 2341 534 2400 iu
548 2343 677 2400 universi
695 2343 809 2417 generis
822 2341 990 2418 quaestione

116 2457 205 2514 pono,
214 2457 299 2514 quam
313 2437 453 2517 (utsupra
465 2438 542 2518 dixi)
551 2442 818 2516 Graeciappellant
829 2448 905 2500 aaa:
921 2451 991 2506 alte-

119 2557 182 2596 ram
194 2538 226 2596 in
240 2523 389 2612 augendis,
403 2539 670 2615 amplificandisque
683 2544 776 2610 rebus,
794 2561 868 2620 quae
882 2548 919 2604 ab
937 2549 990 2606 eis·

119 2639 187 2695 clem
200 2653 289 2716 mam„
302 2642 348 2693 est
362 2637 518 2694 nominata.
561 2639 643 2710 Quae
658 2639 714 2697 etsi
727 2644 914 2716 aequabiliter
929 2653 991 2706 toto

121 2737 243 2809 corpore
256 2735 396 2793 orationis
414 2734 478 2792 iuss
491 2752 555 2792 esse
568 2737 665 2805 debet,
678 2742 775 2796 tamen
789 2740 820 2798 in
834 2745 991 2802 eommuni-

119 2835 172 2892 bus
187 2833 260 2891 loois
284 2834 412 2892 maxime
426 2835 571 2890 exoellet:
592 2833 640 2908 qui
661 2851 828 2896 communes
843 2843 990 2914 appellati,

113 2933 195 3007 quod
209 2931 346 2990 videntur
366 2933 521 2990 multarum
534 2931 625 2990 iidem
645 2950 709 2992 esse
733 2951 892 3007 sensarum,
904 2938 926 2973 “³
937 2945 988 3002 sesi

116 3029 225 3105 proprii
242 3030 417 3104 singularum
431 3047 495 3088 esse
514 3031 668 3090 debebunt.
712 3035 755 3092 At
767 3051 839 3092 vom
851 3038 905 3096 illa
925 3059 988 3115 pars

115 3127 266 3196 orationis,
287 3134 420 3202 quaeest
437 3131 595 3204 degenere
619 3130 765 3203 universo,
788 3133 863 3194 totas
885 3156 988 3201 causas

117 3243 205 3299 saepe
219 3226 360 3284 eontinet.
381 3227 518 3302 quidquid
531 3233 576 3287 est
596 3229 675 3287 enim
689 3230 770 3301 illud,
783 3233 814 3292 in
836 3255 893 3312 quo
906 3225 989 3315 quasi

119 3329 269 3382 conamen
283 3329 328 3383 est
343 3327 567 3395 controversiae,
588 3330 662 3403 quod
676 3347 779 3404 graeoe
789 3363 909 3414 agnionam
919 3339 989 3396 dici-

149 3477 172 3511 0‘1
183 3477 316 3536 sedmaprti
331 3478 475 3549 singulorum
489 3493 531 3526 essa
539 3479 597 3542 dai]
612 3481 628 3528 i.
639 3497 660 3529 e.
670 3482 703 3530 ita
715 3485 816 3542 nacturi,
826 3491 852 3534 ut
863 3487 897 3532 illi
911 3501 991 3534 mame

12 3557 13 3560 =
119 3535 206 3606 proprii
215 3537 378 3593 esse,nonlos1
388 3552 512 3584 communes
528 3538 651 3597 videantur,
662 3541 738 3604 itaque
755 3545 842 3592 contexi
852 3559 901 3591 eum
916 3558 990 3600 musas

119 3597 202 3652 atqu·
211 3599 294 3656 parte,
305 3599 329 3644 et
338 3597 385 3644 nati
394 3611 408 3644 e
417 3611 493 3656 eausa,
500 3611 544 3645 non
553 3597 612 3644 illati
622 3599 746 3650 videantur.

156 3692 230 3736 son.
252 3694 299 3734 ιιι.
582 3681 619 3735 lo
