2444 4194
217 379 277 440 ηρ
418 381 423 392 ’
577 371 711 424 murus.

213 521 250 578 eb
263 519 364 580 insede
384 521 624 594 locupietmimos
638 527 727 580 tester
741 519 899 580 excitaret:
920 535 1018 588 nemo,
1031 519 1084 596 qni

213 619 341 678 breviter
359 625 521 694 arguteque,
540 621 653 678 includo
672 609 847 688 adversaiio,
866 621 981 676 laxaret
1001 620 1082 693 judi·

213 733 281 776 oum
299 719 418 785 animoa,
431 724 516 792 uulua
535 736 553 775 a
571 718 729 776 severitate
749 718 906 792 pauiiiaper
924 720 963 776 nd
982 718 1082 776 hilari·

214 821 306 877 tatem
313 819 455 894 risumque
470 819 650 876 traduceret:
665 835 760 886 neme,
774 817 823 892 qui
836 817 959 874 dilatare
972 822 1082 890 poeaet,

214 921 299 990 atque
318 934 337 973 a
355 917 469 990 propria
488 934 524 976 ac
543 918 663 975 definita
681 916 876 990 disputatione
896 915 1024 974 hominis
1044 932 1082 973 ec

214 1016 360 1088 temporie,
371 1017 408 1073 ad
421 1031 603 1078 communem
614 1017 811 1092 quaestionem
821 1013 953 1072 universi
965 1015 1082 1088 generis

89 1181 98 1189 α
214 1111 374 1172 orationem
393 1113 588 1175 l”traduceret
609 1133 704 1182 nemo,
730 1114 779 1190 qui
799 1114 967 1172 delectandi
987 1113 1082 1186 gratie

214 1212 327 1286 digredi
345 1231 496 1287 parumper
511 1231 533 1272 a
551 1231 648 1281 cauea,
667 1231 762 1280 nemo,
774 1213 824 1288 qui
843 1213 880 1268 ad
899 1211 1082 1270 iracundiam

215 1327 389 1384 magnopere
403 1311 543 1384 judicem,
558 1329 652 1380 nemo,
662 1311 711 1386 qui
724 1311 871 1370 addetum
881 1315 980 1383 posset
994 1311 1082 1368 addu-

214 1423 298 1464 cere:
320 1426 414 1476 nemo,
424 1410 473 1484 qui
486 1411 614 1469 animum
627 1411 688 1484 ejus
701 1407 790 1488 (quod
801 1418 889 1467 unum
901 1410 1082 1468 estoretoria

214 1505 342 1563 maxime
361 1505 518 1585 proprium)
531 1525 710 1583 quocumque
729 1525 774 1566 ree
794 1511 961 1582 poetuinret,
981 1508 1083 1582 impel-

163 1605 285 1669 941ere.
326 1606 436 1680 ltaque,
450 1625 516 1664 oum
530 1608 594 1681 jam
606 1607 699 1682 paene
714 1607 882 1666 evanuisset
896 1607 1081 1674 Hortensius,

216 1709 246 1762 et
259 1720 314 1776 ego
327 1721 405 1763 anno
418 1723 492 1775 meo,
512 1712 596 1765 sexto
619 1712 714 1764 cutem
731 1711 796 1780 poot
818 1706 901 1764 ilium
920 1707 1081 1774 acuentem,

216 1809 317 1864 consui
329 1787 420 1864 sactus
431 1825 533 1874 essem,
544 1823 681 1864 revocure
692 1824 723 1864 ee
737 1807 773 1864 od
787 1805 959 1863 industriam
968 1805 1082 1878 coepit:

217 1923 265 1975 ne,
284 1923 351 1965 cum
369 1924 452 1980 peres
472 1907 580 1964 honore
600 1923 737 1973 essemus,
756 1904 853 1980 eliqua
870 1921 902 1962 re
921 1903 1085 1977 superiores

217 2002 390 2060 videremur.
447 2000 498 2060 Sic
522 1999 675 2060 duodecim
697 2008 883 2073 postmodun
900 2005 1086 2060 consulatum

218 2119 310 2160 annos
322 2102 354 2158 in
368 2101 503 2160 maximia
516 2099 620 2168 causis,
630 2113 696 2156 cum
710 2115 766 2174 ego
779 2098 851 2156 mihi
864 2097 955 2166 ilium,
966 2099 1023 2156 eibi
1036 2117 1085 2156 me

217 2199 269 2256 ilie
290 2198 453 2266 anteferret,
466 2197 702 2271 conjunctissime
719 2197 828 2257 versati
847 2213 961 2256 sumus:
982 2214 1087 2256 oonau·

217 2297 348 2370 latusque
361 2289 451 2361 meua,
463 2294 512 2368 qui
532 2293 614 2352 ilium
632 2294 725 2368 primo
744 2297 850 2354 ieviter
868 2295 1086 2369 perstrinxerat,

217 2390 296 2448 idern
310 2407 362 2448 noa
376 2408 470 2449 rerum
489 2409 616 2450 mearum
635 2397 788 2468 gestarum,
803 2412 871 2470 quar
891 2395 943 2452 ille
963 2395 1087 2452 admire-

218 2493 310 2560 batur,
323 2492 408 2548 laude
422 2494 620 2568 conjunxerat.
649 2493 780 2552 Maxime
791 2513 862 2552 vero
875 2500 1028 2568 perspecte
1041 2499 1089 2554 eat

219 2590 364 2667 utriusque
378 2589 506 2651 noetrdm
519 2591 690 2652 exercitatio
709 2596 807 2666 poullo
826 2597 904 2661 aute,
916 2609 1004 2669 quam
1023 2611 1088 2668 per·

219 2689 349 2748 territum
362 2688 448 2748 armis
467 2691 523 2748 hoc
539 2692 676 2758 ‘attudium
691 2692 790 2760 Brute,
801 2696 928 2750 nostrum
942 2693 1089 2752 conticuit

220 2790 315 2852 subito
335 2794 367 2847 et
389 2789 542 2848 obmutuit:
566 2807 632 2848 cum
653 2793 716 2864 iege
739 2791 878 2865 Pompeia
897 2791 988 2848 ternis
1008 2790 1090 2850 borio

220 2893 258 2948 ed
270 2890 426 2950 dicendum
443 2888 527 2957 datia,
538 2890 575 2946 ad
593 2906 703 2948 causae
713 2889 874 2948 simillimae
888 2890 965 2946 inter
977 2899 1026 2957 ae,
1037 2890 1090 2946 vei

220 2989 315 3062 potius
348 2991 474 3058 eoadem,
500 2988 571 3045 novi
598 2988 787 3046 veniebamus
814 2988 953 3062 quotidie.
983 2988 1090 3063 quibus
1159 2985 1163 2994 '

220 3086 336 3160 quidem
358 3087 452 3144 causis
477 3093 507 3144 tu
525 3087 623 3154 etiam,
647 3087 745 3154 Brute,
767 3093 881 3159 praerto
901 3087 992 3155 ruisti,
1010 3105 1091 3146 eom·

221 3185 372 3258 pluresque
392 3189 421 3242 et
442 3184 602 3252 nobiseum,
622 3191 653 3240 et
672 3186 748 3242 eolus
768 3184 869 3260 egisti:
889 3191 930 3253 ut,
955 3185 1006 3260 qui
1028 3203 1091 3246 non

220 3347 263 3395 qma
277 3359 287 3369 -
301 3361 311 3370 -
324 3335 352 3380 ab
361 3336 449 3394 inferia
466 3351 494 3382 an
509 3335 591 3382 excidit
649 3337 675 3394 ai,
686 3337 737 3399 quia
752 3353 803 3394 mox
816 3339 936 3400 praecessit
950 3355 1001 3400 paru,
1012 3341 1033 3386 εἰ
1041 3359 1048 3386 .·
1063 3355 1093 3390 re

221 3407 271 3455 prm,
283 3394 330 3453 rip.
343 3408 362 3440 o.
374 3409 391 3440 e.
403 3394 499 3453 pruriat
508 3395 590 3452 inferis
610 3429 615 3440 .
627 3400 643 3442 t.
656 3397 770 3443 rarrcituret.¹

251 3473 271 3506 ¹⁹
285 3472 401 3518 traducere
414 3497 424 3506 -
438 3497 448 3506 ·
461 3471 591 3533 irnmllere]
622 3473 658 3518 aie
675 3474 726 3520 dedi
743 3489 785 3545 pro
802 3475 896 3534 vulgatis
912 3477 1045 3534 induceret
1058 3505 1068 3514 -
1082 3503 1094 3516 ·
