2436 4192
206 319 267 378 ms
548 279 698 366 Sation

203 463 319 532 Cottae,
338 461 413 522 nihil
438 461 569 537 Sulpicii.
589 461 707 521 dicebat
719 461 833 531 melios,
846 475 932 538 quana
945 462 1066 538 seripslt,

78 615 92 632 ,
204 561 384 620 Hortensius.
416 563 526 620 Verum
537 562 610 620 haec
622 561 677 630 ris,
687 577 774 638 quam
784 562 956 637 quaerimus,
966 569 1071 638 quanm

203 659 250 730 ait,
261 660 445 734 suspicemur,
455 659 591 736 quoniam
600 663 767 734 exemplum
775 661 1000 724 nonhabemua:
1015 666 1071 730 ant

204 759 230 818 si
243 761 377 834 exempla
387 758 568 833 aequiorum
582 759 782 818 Demosthene
795 775 950 828 sumamus,
970 765 1003 818 et
1015 760 1073 835 qni·

204 861 271 930 «lem
292 859 448 934 perpetuae
466 857 613 928 dictionis,
632 877 672 916 ex
695 876 731 916 eo
751 861 826 927 loeo,
837 861 925 928 unde,
936 858 968 916 in
981 859 1073 918 ctet-

205 958 320 1034 phontis
345 956 471 1030 judicio,
494 959 532 1014 de
556 958 615 1016 suis
636 957 730 1026 laetis,
751 957 893 1026 consiliis,
907 957 1021 1016 meritis
1044 958 1074 1016 in
1178 948 1184 965 '

206 1057 414 1132 rempublicam
427 1075 575 1132 aggressus
588 1062 633 1115 est
651 1057 757 1116 dicere.
788 1057 973 1130 Eaproieoto
983 1057 1075 1115 oratio

205 1157 237 1214 in
251 1176 317 1214 eam
330 1157 460 1224 turmam,
478 1174 552 1231 quae
571 1162 615 1214 est
633 1156 721 1214 insita
741 1156 774 1214 in
795 1155 941 1214 mentibus
956 1156 1075 1224 nostris,

205 1255 317 1314 includi
332 1255 374 1314 sic
389 1260 494 1330 potest,
507 1260 540 1312 ut
553 1259 643 1332 major
655 1255 821 1330 eloquentia
835 1271 893 1312 non
908 1255 1076 1329 requiratur.
1178 1246 1181 1255 '

144 1333 194 1394 '39
247 1354 377 1426 Sedjem
391 1353 481 1412 forms
491 1353 555 1427 ipss
572 1358 670 1420 restat,
680 1358 712 1410 et
720 1355 871 1412 character
880 1353 932 1410 ille
945 1354 997 1428 qui
1007 1354 1077 1412 dici·

205 1457 265 1510 tur:
287 1451 336 1526 qui
349 1451 442 1525 qualis
457 1468 520 1508 esse
534 1453 648 1518 debeat,
661 1469 703 1508 ex
716 1451 795 1526 ipsis,
808 1469 881 1526 qnae
899 1451 1080 1526 supradicta

207 1556 282 1618 sunt,
301 1549 428 1624 intelligi
447 1553 551 1622 potest.
591 1551 621 1607 N
624 1567 671 1608 am
685 1555 715 1608 et
726 1550 903 1625 singulorum
917 1552 1082 1619 verboeuns

208 1656 238 1710 et
256 1651 463 1710 collocatorum
477 1648 587 1709 lumina
601 1649 764 1724 attigimus:
777 1649 881 1725 quibua
898 1649 941 1707 sic
954 1651 1083 1708 abundo
1194 1636 1195 1650 ³

208 1749 261 1820 bit,
274 1753 306 1808 ut
329 1749 450 1808 verbum
469 1766 507 1806 ex
529 1765 578 1806 ore
592 1751 712 1818 nullum,
729 1747 786 1808 nisi
808 1752 860 1807 sut
882 1751 1013 1824 elegans,
1033 1752 1083 1806 sut
1196 1827 1197 1830 Ἴ

210 1868 299 1926 grave
333 1852 438 1906 exeat:
470 1865 510 1906 ex
538 1849 673 1923 omnique
700 1865 807 1924 genere
832 1848 1083 1922 frequentissimae
1197 1901 1198 1904 ,

212 1952 414 2015 translationes
439 1955 532 2019 eruut,
552 1950 628 2024 quod
649 1965 702 2008 eas
723 1951 838 2022 propter
861 1945 1083 2006 similitudinem
1198 1964 1199 1990 ι

212 2047 1083 2120 uemlemntsnmot-ronmut‚somueuthuoetitlucr
1199 2059 1200 2078 ¹

213 2152 261 2227 qui
275 2159 369 2212 motus
387 2149 582 2226 cogitationis,
606 2147 740 2209 celeriter
756 2147 889 2222 agitatus,
909 2163 962 2220 per
974 2163 1007 2203 ae
1021 2147 1084 2221 ipse

212 2251 349 2308 delectat.
391 2251 431 2306 Et
444 2244 562 2321 reliqua,
574 2265 612 2304 ex
629 2247 825 2304 collocatione
840 2248 992 2303 vernonum
1010 2263 1084 2321 quae

213 2351 362 2408 sumuntur
374 2344 455 2422 quasi
466 2344 585 2413 lumina,
598 2361 734 2419 magnum
747 2345 869 2403 afferunt
882 2352 1016 2404 ornatum
1024 2362 1085 2403 ora·

214 2447 298 2508 tioui.
340 2448 415 2506 Sunt
429 2443 629 2504 enimsimiliu
642 2443 711 2512 illis,
724 2461 797 2518 quae
821 2444 853 2502 lu
872 2446 969 2518 amplo
981 2449 1086 2502 ornatu

216 2565 332 2616 scenae,
345 2551 395 2605 aut
414 2545 468 2602 tori
490 2546 673 2618 appellantur
685 2541 828 2616 insignis:
850 2559 911 2602 non
931 2545 1008 2617 quod
1024 2545 1086 2602 sola

216 2651 329 2714 ornent
342 2646 393 2705 sed
407 2645 482 2719 quod
506 2645 665 2702 excellant.
705 2642 817 2700 Eadem
830 2640 905 2699 ratio
918 2646 963 2699 est
977 2642 1087 2710 horum,

217 2763 290 2822 quae
311 2749 377 2804 eunt
393 2743 531 2802 orationis
545 2742 663 2810 lumina,
677 2744 706 2798 et
719 2741 930 2814 quodammodo
943 2739 1085 2814 insignis:

175 2847 181 2854 “
217 2864 285 2904 eum
295 2850 345 2903 aut
354 2843 538 2918 duplicantur
551 2841 744 2915 iteranturque
753 2840 852 2906 verba,
863 2843 913 2896 aut
924 2836 947 2870 ⁹²
960 2841 1087 2898 breviter

218 2948 395 3002 commutate
407 2946 559 3016 ponuntur,
570 2946 621 2998 aut
633 2943 670 2998 ab
684 2939 785 2996 eodem
796 2939 887 2994 verbo
899 2936 1015 2994 ducitur
1027 2955 1087 2995 sae·

218 3040 282 3113 pius
306 3041 407 3107 oratio,
429 3045 479 3098 aut
492 3039 523 3096 in
537 3039 614 3096 idem
628 3037 791 3112 conjicitur,
805 3040 854 3094 aut
871 3035 904 3093 in
927 3040 1087 3112 utrumque,

249 3189 376 3236 t‘breviter
393 3191 539 3260 commutata]
571 3189 661 3248 conjeci
681 3189 765 3246 leviter,
785 3205 836 3238 nem
877 3204 952 3237 uuav.
965 3204 991 3259 e.
1013 3189 1088 3259 litere,

142 3313 149 3332 ·
220 3247 832 3368 ιιιιιιιιιι
848 3249 1089 3388 ,ιιιιιιιι

221 3375 319 3429 brev,
331 3389 346 3419 ι.
358 3387 378 3418 e.
394 3373 423 3418 de
432 3387 511 3433 specte,
526 3374 694 3428 sermoeathtc
707 3380 782 3422 autem
798 3377 827 3422 de
835 3381 885 3423 toto
898 3391 995 3436 genere:
1013 3393 1036 3424 ιιι
1061 3389 1089 3423 uo

222 3431 387 3494 usucaptius.
417 3430 500 3477 SieOr.
513 3431 543 3485 tl,
553 3434 589 3486 63,
601 3436 635 3477 est
644 3433 673 3478 de
681 3435 872 3492 eademreporon
881 3435 961 3482 certi'
1082 3454 1089 3480 .-

252 3498 349 3540 otamen
357 3491 450 3537 tortasoe
457 3490 570 3560 vulgatum
585 3490 763 3562 defendipoteat,
773 3493 825 3555 quia
836 3494 1011 3563 parciturum
1021 3493 1089 3540 etiam

222 3508 296 3599 ἴσω
305 3549 418 3598 dicuutur:
435 3549 473 3596 sed
493 3564 516 3596 ιιι
534 3554 711 3613 ῑειιειεῐιοριω
725 3565 769 3612 non
788 3553 967 3615 sie‚utop1ucr;
986 3553 1089 3612 senno

222 3610 311 3669 oruata
317 3625 387 3668 paruo
396 3613 431 3660 est
439 3609 500 3658 lacis.
