2436 4192
389 327 395 334 ”
471 333 624 386 ousuom·
922 343 985 408 205

99 487 146 540 est
160 481 346 556 parJ‘ambo:
366 481 420 540 sed
433 497 471 540 eo
482 481 606 540 vitiosus
620 481 654 540 in
666 481 810 551 cretione,
823 483 850 541 ti
862 491 985 556 ponetur

98 585 264 650 extremus,
289 581 365 656 quod
385 581 476 640 verbe
495 580 602 640 melius
628 580 660 640 in
682 582 815 656 syllabas
842 581 986 655 longiores

98 679 222 736 cadunt.
265 679 367 754 Atque
379 679 465 747 haec,
489 695 563 754 quac
590 684 660 738 sunt
682 680 762 753 apud
786 677 987 748 Aristotelem,

100 777 209 834 eedem
233 793 253 834 a
274 775 482 851 Theophrasto
507 777 742 854 Theodecteque
766 777 803 834 de
817 793 934 850 paeone
946 778 988 835 di·

100 882 220 936 cuntur.
260 877 326 952 Ego
346 882 447 936 autem
459 876 566 944 sentio,
585 895 687 936 omnes
701 877 734 936 in
747 877 882 937 oratione
893 875 988 936 8iesse

101 976 188 1051 quasi
200 970 356 1050 permistos
367 981 398 1034 et
411 975 549 1034 contusos
563 977 672 1050 pedes:
694 991 750 1034 nec
764 975 845 1034 enim
858 975 989 1050 effugere

100 1091 255 1148 possemus
269 1073 566 1142 animadversionem,
587 1073 614 1130 si
638 1090 755 1146 semper
775 1072 883 1130 iisdem
893 1078 988 1130 utere·

101 1187 183 1244 mur3
205 1172 274 1248 quia
287 1189 383 1249 neque
397 1187 552 1229 numerosa
567 1188 641 1239 esse,
654 1176 686 1228 ut
699 1170 815 1244 poema.
829 1187 925 1246 neque
938 1186 989 1228 ex·

103 1274 320 1338 trenumerum
334 1274 368 1328 ut
377 1285 474 1327 sermo
486 1266 507 1300 ⁸¹
516 1269 606 1344 vulgi,
617 1285 682 1326 esse
691 1269 780 1326 debet
789 1267 893 1328 oratio.
935 1269 988 1328 Al·

101 1353 201 1427 temm
215 1368 303 1426 nimis
317 1366 520 1436 savineium,
534 1372 565 1426 ut
575 1368 616 1424 de
629 1366 772 1426 industria
781 1367 891 1426 lachim
901 1379 988 1442 eppa·

102 1471 188 1524 reat:
219 1468 344 1524 alterum
368 1465 455 1524 nimis
477 1467 657 1534 dissolutum,
682 1472 714 1524 ut
736 1471 929 1542 pervagatum
949 1482 987 1524 ac

103 1565 232 1638 vulgare
245 1565 398 1622 videatur:
419 1569 451 1622 ut
461 1565 498 1622 ah
516 1567 609 1622 altero
622 1553 681 1624 non
691 1567 849 1633 delectere,
862 1547 1003 1622 alteriun'

103 1662 214 1719 oderis.
243 1663 305 1721 :stt
317 1662 405 1738 igitur
417 1660 462 1741 (ut
475 1681 561 1738 supra
574 1661 652 1740 dixi)
669 1663 816 1738 permista·
827 1668 860 1727 et
878 1667 989 1735 tempe·

100 1765 166 1818 rats
187 1761 326 1830 numeris,
348 1779 405 1820 nec
429 1761 581 1828 dissoluta,
598 1777 656 1818 nec
668 1764 730 1817 tota
741 1775 905 1827 numerose,
918 1775 987 1833 pae-

104 1877 162 1920 one
176 1861 308 1920 maxime
321 1857 475 1938 (quoniam
488 1861 614 1934 optimus
631 1866 732 1918 auctor
745 1859 787 1918 ite
796 1855 924 1936 censet)
936 1859 990 1916 sed

104 1961 228 2035 reliquis
242 1959 334 2016 etiam
347 1957 486 2025 numeris,
496 1949 568 2031 quos
581 1957 633 2014 ille
643 1958 791 2032 praeterit,
804 1961 975 2030 temperata.

148 2059 234 2130 Quos
248 2061 347 2113 autem
361 2073 507 2122 numeros,
521 2055 713 2127 comunibus,
727 2058 875 2126 umquam
888 2069 990 2124 purpu·
999 2069 1040 2129 53

104 2173 179 2226 rem,
194 2153 313 2214 misceri
323 2157 465 2228 oporteat,
480 2167 558 2210 nunc
567 2151 724 2212 dicendum
734 2155 788 2220 est,
801 2154 890 2226 etque
900 2148 990 2210 etiam

107 2255 212 2329 quibus
227 2252 369 2312 orationis
383 2251 539 2328 generibus
560 2248 581 2284 ⁸⁵
591 2250 651 2309 sint
668 2251 774 2326 quique
786 2249 989 2308 accommode·

105 2353 223 2412 tissimi.
264 2353 283 2410 J
285 2353 385 2410 ambus
399 2339 479 2409 enim
492 2349 739 2426 frequentissimus
753 2349 843 2408 estin
857 2349 904 2416 iis,
914 2365 988 2424 quse

106 2452 238 2510 demisso
261 2457 348 2525 etque
370 2449 474 2506 humili
487 2465 621 2506 sermone
639 2449 783 2506 dicuntur.
825 2447 927 2504 Paeon
940 2463 988 2502 au·

109 2554 169 2607 tem
182 2551 217 2607 in
232 2546 439 2620 amplioribus:
459 2546 492 2602 in
506 2550 626 2620 utroque
639 2546 784 2617 dactylus.
804 2543 848 2600 ita
858 2541 893 2602 in
906 2542 990 2600 veria

107 2654 139 2706 et
153 2651 297 2722 perpetua
310 2643 443 2702 oratione
457 2643 489 2698 hi
503 2647 570 2699 sunt
583 2642 705 2699 interes
719 2640 864 2698 miscendi
877 2644 908 2698 et
918 2645 988 2700 tem·

108 2745 244 2822 perandi.
276 2743 320 2800 sic
348 2739 469 2800 minime
505 2739 753 2796 animadvertetur
783 2737 988 2797 delectationis

110 2845 279 2920 aucupium,
300 2846 332 2899 et
355 2838 541 2914 quadrandae
562 2835 703 2893 orationis
729 2834 887 2892 industria:
916 2852 988 2908 quae

110 2939 373 3016 latebitaomagis,
384 2939 410 2997 si
419 2943 450 2994 et
458 2935 613 2994 verborum
624 2937 654 2992 et
664 2931 988 3005 seutentiammponds·

138 3099 161 3134 ⁸³
176 3114 220 3147 esse
228 3115 248 3158 q.
255 3094 377 3155 penates]
394 3099 435 3140 aut
444 3091 572 3138 addendum
582 3092 623 3146 est,
635 3091 674 3135 aut
683 3086 853 3146 intelligendum
860 3062 941 3135 debera

140 3178 162 3210 ⁸⁴
175 3176 250 3234 vulgi,
261 3189 303 3222 esse
310 3174 371 3220 dehet
380 3173 424 3228 orl
441 3185 483 3216 esse
493 3165 594 3238 rescripsi
601 3165 674 3234 ared.
684 3161 743 3235 vem
754 3165 820 3213 Med.
830 3181 872 3227 pro
879 3169 917 3236 ¹ert,
928 3169 987 3238 quod

110 3235 258 3290 mundent,
268 3232 379 3296 efficitque
387 3229 500 3276 duriorem
509 3232 642 3274 orationem.
654 3283 660 3296 ι
675 3226 700 3272 Si
708 3228 814 3286 rependo
823 3225 886 3272 verbi
893 3239 935 3272 csse
944 3227 988 3274 du·

111 3293 185 3356 plicet,
197 3308 238 3355 par
247 3305 284 3338 me
292 3291 402 3336 deleatur.
433 3287 467 3334 st
475 3287 539 3333 abest
545 3285 575 3332 ab
584 3285 621 3331 ed.
632 3285 695 3346 inps.
703 3297 761 3346 quae
768 3283 844 3343 habet,
854 3291 881 3334 ut
888 3299 905 3331 a.
915 3285 986 3344 uolgi,

113 3353 221 3478 &iiiiii
229 3429 311 3490 quique
319 3427 374 3486 cccl
405 3424 482 3482 Vulgo
500 3422 587 3484 calesu,
600 3423 664 3530 &aad
681 3421 785 3469 vitiorum
796 3435 844 3468 esse
854 3422 911 3490 'ipre
930 3420 987 3467 sensi

112 3485 172 3546 olim}
191 3493 243 3548 eiq
264 3488 270 3499 “
327 3483 493 3552 reponendum:
509 3480 600 3552 idid*
616 3479 713 3544 ereperi
728 3480 752 3550 in
769 3481 817 3528 Ma.
829 3479 877 3527 Vrt.
889 3479 940 3523 edd.
951 3491 986 3538 pr.

113 3546 284 3668 ffitgilctm
310 3543 355 3592 mb.
376 3543 465 3600 cauae
481 3543 605 3589 estunam
614 3539 809 3602 typographum,
828 3535 889 3596 quod
902 3539 988 3582 mmm
