2474 4188
276 323 319 382 3⁰
643 310 777 371 bannus.

275 484 378 525 censor
392 466 456 535 luit,
480 466 561 540 cujus
583 470 627 524 est
648 468 740 524 oratio
763 468 878 526 Graeca
901 469 975 543 apud
999 465 1132 526 Rhodios:

274 582 360 642 quem
374 567 471 624 civem
482 583 548 622 cum
561 584 688 640 gravem,
703 571 763 623 tum
777 567 865 624 etiam
879 571 1058 642 eloquentem
1070 583 1130 624 con·

273 670 332 722 stat
352 666 448 722 luisse.
483 664 620 722 P.etiam
649 666 819 739 Scipionem
846 667 996 734 Nasicam,
1021 666 1067 740 qui
1091 667 1130 720 cst
1218 695 1219 722 l

273 755 429 822 Corculum
455 766 624 837 appellatus,
651 761 701 838 qui
720 765 791 821 item
812 765 855 822 bis
875 767 1019 823 consulet
1038 779 1131 822 censor
1218 757 1219 804 l

271 863 335 930 luit,
349 863 477 920 habitum
490 865 683 937 eloquentem,
701 861 721 894 ⁴¹
731 863 774 920 M.
789 862 886 931 alium,
900 863 1047 938 illiusaqui
1056 877 1130 918 sacra

271 962 427 1034 acceperit,
450 961 555 1019 lilium:
587 962 675 1019 etism
702 963 738 1020 L.
757 963 926 1029 Lentulum,
947 963 1077 1036 quicum
1096 959 1128 1016 (l.
1218 963 1219 1020 ἶ

272 1061 380 1135 Figulo
392 1063 493 1118 consul
509 1061 579 1118 luit:
603 1062 638 1132 Q.
654 1061 844 1128 Nobiliorem,
858 1061 901 1117 M.
917 1061 955 1117 F.
969 1061 1031 1133 jum
1044 1057 1129 1132 patrio
1218 1101 1219 1108 ,

269 1158 403 1217 instituto
416 1159 543 1216 deditum
557 1160 652 1216 studio
666 1158 833 1226 litterarum,
852 1159 900 1232 qui
920 1158 1010 1216 etiam
1030 1159 1065 1230 Q.
1077 1157 1129 1214 Eu·
1218 1191 1219 1204 .

267 1255 357 1326 cmm,
379 1258 428 1332 qui
451 1275 517 1314 cum
537 1233 617 1330 palie
637 1258 697 1330 ojus
719 1257 750 1314 in
765 1256 884 1314 Aetolia
896 1253 1131 1322 militaverat,ci·
1218 1264 1219 1318 l

266 1355 360 1415 vitate
381 1356 511 1422 donavit,
540 1373 606 1412 cum
628 1355 760 1411 triumvir
787 1355 933 1412 coloniam
953 1352 1129 1412 deduxisset:

265 1458 296 1510 et
310 1454 350 1511 Τ.
373 1453 504 1511 Annium
523 1455 659 1520 Luscum,
679 1453 764 1527 hujus
785 1454 822 1526 Q.
852 1453 953 1512 Fulvii
985 1455 1129 1526 collegam,

265 1569 323 1610 uon
339 1552 507 1609 indisertum
521 1552 621 1609 dicunt
634 1551 730 1608 luisse.
773 1553 871 1627 Atque
885 1552 985 1610 etiam
996 1555 1032 1610 L.
1053 1551 1129 1611 Paul

264 1651 318 1717 lus,
344 1650 477 1708 Alricani
499 1648 589 1724 paler,
612 1669 765 1724 personam
788 1650 928 1724 principis
949 1652 1027 1709 civis
1048 1649 1127 1708 lacile

264 1749 389 1806 dicendo
402 1752 551 1818 tuebatur;
570 1747 592 1780 n
604 1753 635 1806 et
649 1765 719 1806 vero
733 1749 894 1807 etiamtum
916 1750 1031 1808 Catone
1052 1749 1126 1812 vivo,

264 1847 314 1923 qui
327 1866 417 1906 annos
431 1844 554 1922 quinque
568 1851 598 1904 et
611 1847 759 1922 octoginta
773 1851 857 1905 natus
873 1849 1003 1906 excessit
1023 1867 1041 1904 e
1059 1847 1139 1911 vila,-

265 1964 332 2006 cum
352 1948 467 2022 quidem
486 1963 522 2003 eo
541 1947 605 2018 ipso
625 1963 702 2002 anno
722 1951 825 2004 contra
854 1947 917 2004 Ser.
942 1947 1076 2011 Galbam,
1095 1943 1129 1999 ad

263 2049 400 2120 populum
424 2063 534 2104 summu
554 2039 754 2103 contentione
769 2045 909 2102 dixisset:
937 2061 1023 2118 quam
1047 2043 1130 2101 eliam

189 2149 192 2154 '
210 2145 248 2203 21
263 2144 422 2200 orationem
431 2145 566 2215 scriptam
580 2142 703 2216 reliquit.
745 2143 804 2199 Sed
819 2143 890 2198 vivo
905 2142 1019 2199 Catone
1041 2141 1130 2198 mino·

261 2258 308 2298 res
322 2231 395 2298 natu¹
405 2241 487 2298 mulli
501 2259 559 2298 uno
573 2247 699 2316 tempore
713 2245 838 2298 oratores
849 2241 1011 2298 floruerunt.
1047 2242 1129 2298 Ns!

262 2344 294 2398 et
306 2340 492 2408 A.-A.lbinus,
519 2340 554 2407 is,
568 2341 616 2414 qui
637 2341 751 2398 Gmece
771 2339 892 2412 scripsit·
907 2339 1065 2407 historiam,
1084 2335 1131 2414 qui

262 2442 363 2498 consul
377 2457 444 2496 cum
457 2440 492 2497 L.
508 2439 631 2497 Lucullo
651 2439 714 2506 luit,
735 2443 764 2496 et
783 2437 927 2495 litteratus
954 2443 986 2494 el
1011 2437 1130 2500 (liserms

261 2537 334 2594 fuit:
355 2543 384 2594 et
398 2539 492 2595 tenuit
508 2555 575 2594 cum
595 2537 650 2594 boc
671 2539 766 2594 locum
788 2537 932 2610 quendam
955 2536 1044 2593 etiam
1069 2537 1129 2592 Sor.
1212 2518 1214 2524 ¹

263 2634 395 2703 Fulvius,
409 2639 439 2692 et
453 2653 511 2692 una
525 2637 588 2693 Ser.
604 2635 712 2692 Fabius
727 2635 837 2704 Pictor,
848 2639 879 2692 et
885 2635 970 2710 juris,
984 2641 1014 2692 et
1027 2633 1129 2692 littera·

261 2751 333 2802 rum,
354 2738 385 2791 et
412 2733 589 2810 antiquitatis
615 2737 690 2791 bene
716 2732 835 2808 peritus.
880 2734 917 2806 Q.
942 2751 997 2808 que
1023 2732 1129 2789 Fabius

260 2833 362 2892 Labeo
384 2833 439 2892 luit
461 2839 578 2891 onustus
600 2830 703 2889 iisdem
725 2833 785 2888 lere
810 2831 950 2888 laudibus.
991 2831 1070 2888 Nam
1093 2829 1128 2899 Q.
1218 2907 1219 2912 η

260 2930 408 2999 Metellus,
427 2932 462 3000 is,
482 2933 564 3006 cujus
577 2935 697 3004 quatuor
710 2929 762 2986 filil
776 2929 942 2986 consulares
953 2929 1076 2995 luerunt,
1099 2927 1129 2982 in
1148 2915 1150 2922 ’
1218 2967 1219 3010 3

260 3029 360 3102 primis
371 3033 416 3085 est
434 3028 548 3086 babitus
569 3031 716 3102 eloquens,
736 3028 785 3102 qui
805 3045 856 3102 pro
879 3029 923 3086 L.
938 3029 1027 3086 Cotta
1047 3024 1129 3089 uixit,
1218 3063 1219 3108 1

288 3179 308 3212 ⁴¹
323 3179 445 3228 Matium
459 3207 470 3217 ·
483 3206 494 3215 ·
507 3181 604 3242 dicunt]
637 3181 688 3228 Hoc
698 3182 778 3228 dicant
788 3181 858 3228 deleri
867 3180 939 3228 voluit
955 3180 990 3226 vir
999 3181 1082 3228 doctus.
1099 3181 1131 3224 est
1218 3185 1219 3202 ¹

260 3237 338 3298 utique
347 3238 470 3297 insititium,
480 3241 537 3286 siml
546 3241 568 3286 in
579 3239 688 3285 nonnullis
698 3255 739 3286 scr.
751 3245 774 3286 et
789 3241 840 3286 edd.
859 3244 912 3286 ante
927 3244 967 3298 est,
976 3239 1055 3298 ajnns:
1073 3236 1129 3300 quoi

259 3309 309 3342 cnm
321 3297 420 3344 deletum
429 3299 465 3355 sit,
476 3312 520 3344 non
530 3298 602 3353 video,
614 3311 653 3342 cur
662 3312 706 3344 non
715 3303 739 3344 et
751 3299 800 3356 hoc,
814 3302 840 3345 ut
848 3299 897 3355 leci,
912 3299 1019 3346 deleatur.
1051 3295 1130 3344 Omnis

261 3356 308 3402 refe
323 3370 338 3402 u
353 3361 390 3404 tur
399 3357 429 3402 ad
439 3355 517 3404 ultima
526 3357 605 3403 abant
613 3355 696 3413 saissa.

289 3433 314 3467 ⁴²
326 3438 351 3480 ot
360 3448 410 3481 vern
420 3433 506 3542 dam&
534 3433 625 3503 conexi
636 3433 769 3503 atnattana
788 3440 812 3481 ut
821 3436 887 3497 plane
896 3436 919 3482 h.
937 3435 953 3482 l.
970 3434 1066 3504 ineptum
1076 3435 1129 3502 ¹est:

257 3497 340 3602 gtvqeurz
341 3492 387 3601 ¹1¹ltl⁸
399 3493 469 3542 iol'ma
499 3507 581 3542 neroni
591 3495 739 3550 usitatissima,
751 3495 1047 3556 utomuessciunt,qu1eJus
1065 3489 1131 3538 libros
1218 3545 1219 3554 ἵ
