2436 4192
499 303 622 353 TOPlcn.
923 311 986 370 245

118 447 261 535 Omnium
273 453 372 510 eutem
385 465 535 510 ossssrum
545 451 585 514 ,in
599 449 665 510 eliis
680 451 758 510 inest
771 455 943 522 constantia,
956 455 988 511 in

117 547 186 606 aliis
201 563 262 606 non
275 549 360 607 inest.
402 553 439 610 ln
449 555 558 623 natura,
572 556 603 608 et
627 551 658 609 in
672 555 734 609 arte
753 550 919 608 constantia
934 557 988 618 est,

105 645 150 704 in
164 647 272 704 ceteris
294 649 382 706 nulla.
425 651 485 708 Sed
508 655 606 708 umen
620 657 718 708 aarum
736 665 897 717 eousaronr,
918 667 989 722 quae
1003 646 1033 706 li

116 762 177 804 non
187 751 255 808 sunt
264 753 440 818 constantes,
452 750 528 808 aliae
538 755 605 808 sunt
614 751 794 824 perspicuae,
803 749 879 806 aliae
889 751 989 806 latent.

118 846 296 920 Perspicuae
305 853 380 917 sunt,
387 865 462 924 quae
473 849 683 923 appetitionem
692 849 783 906 animi
790 848 991 922 Judiciunsque

116 950 256 1028 tangunt:
278 949 380 1016 latent,
393 963 468 1023 quae
490 948 638 1022 subjectae
653 951 719 1006 sunt
733 941 873 1004 fortunae.
902 947 991 1020 ,Cum

116 1047 197 1104 eninr
210 1045 285 1106 nihil
299 1047 363 1105 sine
377 1063 466 1106 eausa
479 1047 547 1117 det;
566 1042 588 1079 ⁶⁷
610 1048 666 1103 lroe
690 1047 786 1120 ipsum
800 1051 845 1103 est
857 1047 990 1127 lortunae

113 1149 247 1214 evenurs,
257 1146 380 1204 obseura
391 1161 490 1214 eausa
498 1160 571 1220 quae
580 1148 706 1203 latenter
719 1127 862 1204 efficitur}
891 1144 990 1202 Etiam

111 1255 156 1312 en,
166 1259 241 1320 quae
252 1243 335 1313 dunt,
348 1245 454 1319 partlm
464 1249 532 1302 sunt
541 1243 681 1319 ignorata,
692 1244 798 1320 partim
809 1243 988 1302 voluntaria:

111 1343 255 1416 ignorata,
276 1361 350 1419 quoe
374 1343 553 1404 necessitate
578 1343 683 1401 effecta
703 1348 787 1413 sunt;
816 1342 989 1410 voluntaria,

112 1459 188 1516 quae
217 1442 351 1499 oonsilio.
393 1443 477 1515 Quae
504 1447 601 1500 autem
626 1441 749 1510 fortuna,
776 1443 826 1500 vel
847 1442 988 1516 ignorata,

113 1542 166 1597 vel
192 1531 366 1598 voluntaris.
407 1542 486 1598 Nam
506 1542 607 1614 jacere
629 1543 728 1608 telum,
754 1539 913 1598 voluntatis
927 1547 987 1599 est:

115 1639 212 1708 ferire,
222 1637 243 1670 ⁶⁸
257 1655 341 1714 quem
355 1640 491 1708 nolueris,
507 1641 646 1697 fortunae.
687 1637 708 1670 ⁶⁹
717 1639 764 1695 En
778 1654 835 1711 quo
848 1636 922 1692 aries
936 1638 988 1694 ille

113 1737 265 1812 subjioltnr
299 1739 331 1798 in
363 1740 467 1796 vestris
492 1737 674 1795 actionibus:
696 1735 730 1794 Si
757 1733 880 1792 telum'⁰
900 1747 988 1792 manu

112 1835 187 1912 fugit
200 1837 301 1912 magis,
316 1855 402 1911 quam
419 1836 505 1909 jecit.
545 1833 565 1868 ⁷¹
580 1833 699 1892 Cadunt
718 1833 808 1890 etism
828 1832 860 1890 in
874 1832 988 1906 ignora·

113 1937 226 1994 tionem
239 1939 325 2009 atque
339 1935 371 1991 in
385 1933 608 2008 imprudentiam
630 1933 860 2005 perturbationes
875 1931 986 1990 animi:

112 2051 199 2110 quae,
219 2031 241 2066 ⁷²
268 2047 440 2110 quemquern
467 2035 534 2088 sunt
558 2029 750 2098 voluntariae,
773 2027 987 2107 (objurgatione

111 2132 202 2201 enim,
240 2135 272 2190 et
298 2131 496 2190 admonitione
533 2125 731 2206 dejiciuntun)
757 2133 855 2186 tamen
879 2129 987 2186 habent

113 2235 209 2290 tantos
223 2236 327 2300 motos,
342 2235 374 2289 ut
388 2247 433 2299 ee,
455 2247 527 2306 quae
541 2229 707 2288 voluntaria
733 2233 809 2296 sunt,
824 2232 873 2284 aut
887 2227 986 2286 neoesss

110 2331 187 2389 saria
213 2331 367 2400 interdum,
389 2335 439 2388 aut
452 2329 679 2404 certeignoratn
699 2328 862 2386 videantur.
904 2327 985 2386 Toto

136 2505 162 2540 ⁶⁷
171 2505 293 2560 lronipsum
305 2504 558 2560 salsortunseeoentua
572 2503 616 2548 obs.
627 2516 645 2547 o.
656 2501 737 2565 [ete]⁸
753 2500 827 2546 Locos
844 2497 945 2554 difficilis,
961 2499 984 2544 in

123 2579 153 2612 uo
169 2568 195 2609 et
208 2562 261 2608 libri
271 2562 337 2606 valde
346 2561 442 2618 variant,
452 2567 477 2607 et
486 2561 531 2606 sine
540 2561 609 2606 dublo
629 2559 727 2606 vitiosus.
739 2557 787 2604 Ms.
808 2560 883 2604 noster
901 2555 981 2603 habet:

109 2579 434 2679 zocipsumsoils'cetsortunee
444 2624 540 2676 euentus,
548 2624 591 2664 ete.
623 2619 667 2664 Ed.
678 2617 737 2664 Ven.
747 2617 786 2662 loc
795 2617 868 2673 ipsum
874 2617 984 2674 fortuma

110 2686 201 2728 euentus
210 2679 300 2726 obseura
310 2691 375 2725 causo
391 2679 406 2723 l.
418 2677 454 2736 eff.
468 2679 526 2724 unde
542 2689 595 2724 sane
610 2675 688 2722 melior
698 2675 767 2728 lectio
779 2675 883 2721 constitui
901 2678 981 2778 gotest.

108 2739 199 2800 Nempe
211 2738 323 2809 jortunae
332 2740 421 2782 euentus
430 2740 464 2782 est
473 2735 553 2795 glossa,
563 2735 727 2840 delendumgpue
736 2737 767 2780 ert
776 2738 869 2795 etquae.
918 2731 983 2778 taum

175 2798 254 2845 Eleum
263 2811 295 2853 eo,
312 2811 367 2854 prmo
378 2794 483 2852 fiuntp.
494 2799 547 2842 sunt
567 2809 584 2841 s.
594 2797 637 2840 ete.
696 2807 739 2839 ree
755 2792 815 2840 Mas.
827 2796 851 2838 et
867 2791 903 2837 ed.
924 2791 981 2836 Ven.

126 2857 169 2904 edt
202 2855 292 2914 Vulgo:
309 2855 388 2901 nuum
397 2859 474 2900 uteo·
487 2854 590 2910 -pem
747 2855 749 2860 '
1029 2859 1037 2884 ⁸

136 2935 159 2968 ⁰⁸
168 2949 233 2996 pum
241 2933 359 2994 mineio]
391 2932 449 2979 Edd.
458 2931 525 2979 Med.
542 2933 594 2979 Asc.
610 2929 714 2978 volema
730 2929 824 2975 eandem
837 2926 860 2974 in
877 2927 920 2974 hoc
936 2925 983 2988 ipso

113 2995 217 3056 exemplo
226 2994 360 3040 mistaten
370 2992 416 3038 alio
425 2993 477 3038 looo
486 2991 619 3038 notavimus.

139 3070 514 3132 ⁰⁰Eoepwotissiilesuljioitur.]
547 3065 982 3127 έὶιιὶάιιιιῖἰιιιίιιοιιΙιιῑιιιιιιιιιὸ]ἰ“ιι’ίιιν,Ι

112 3131 150 3177 sed
157 3131 249 3178 verbum
259 3131 382 3189 elegantius
392 3133 433 3188 est,
441 3143 507 3192 quarn
518 3144 559 3191 pro
569 3127 695 3188 glossatoris
703 3126 799 3185 ingenio.

140 3209 162 3243 ⁷⁰
171 3225 241 3257 nunu
252 3210 321 3268 sugit
330 3209 408 3266 magis,
418 3223 484 3268 psum
494 3208 566 3269 jecit]
600 3203 661 3254 Eddss
670 3205 736 3256 Med.
748 3207 800 3252 Ass.
814 3219 914 3253 monum.
932 3206 979 3253 Ms.

111 3281 161 3315 mox
167 3269 252 3328 injen't.
283 3268 363 3316 Voluit
372 3268 430 3313 lente
437 3269 490 3314 dare
500 3268 598 3327 conjecit.

139 3347 161 3380 ⁷¹
180 3347 270 3395 Cadunt
278 3347 362 3408 etium]
393 3345 452 3392 Edd.
472 3344 538 3394 Med.
551 3348 604 3395 Asc.
625 3345 692 3392 enim.
709 3343 763 3392 Ald.
780 3346 804 3389 et
813 3343 874 3390 Junt.
896 3341 979 3388 delent.

111 3403 230 3454 lltluobus
246 3407 304 3454 Μιι.
321 3405 387 3452 etium
402 3405 465 3451 dedit
480 3403 595 3464 Gruterus,
612 3405 672 3466 qood
690 3417 767 3451 verum
782 3407 823 3449 est.
864 3402 907 3447 Est
922 3399 980 3445 eninr

113 3475 192 3512 novum
202 3479 281 3524 genus:
298 3465 362 3511 etsie
372 3464 441 3510 etiam
451 3463 475 3510 in
483 3465 518 3511 ed.
530 3466 588 3512 Ven.

133 3541 296 3603 ⁷²q1wmqwm
305 3542 375 3603 ssent]
407 3542 444 3590 ste
453 3542 505 3588 dedi
516 3559 557 3604 pro
572 3543 671 3614 vulgato,
682 3541 732 3610 sed.
739 3537 821 3584 vitioso
831 3537 885 3582 rint
917 3531 988 3607 dod

108 3610 141 3657 Pr.
150 3605 175 3647 ut
191 3598 249 3648 Ven.
260 3601 344 3648 habent
353 3607 458 3662 tunquam
467 3603 512 3651 sini
521 3603 563 3650 sul.
574 3606 662 3661 punse,
673 3605 697 3650 et
715 3609 763 3648 sure
772 3609 842 3644 sensu.
874 3591 918 3638 Sed
929 3591 981 3638 rode

111 3663 210 3720 apparet,
220 3660 333 3709 auderint
341 3665 416 3709 ortum
429 3661 466 3710 sit.

147 3758 216 3803 von.
237 3759 285 3800 ιιι.
563 3745 601 3798 22
