2460 4184
498 334 634 388 nunnus.
964 353 1006 412 ,ἦ

134 481 285 540 exerent:
305 486 337 540 et
355 487 454 542 tenum
475 484 570 554 simut,
594 486 672 545 siout
690 505 746 562 ego
766 505 819 564 pro
836 491 941 560 mutis,
960 493 1004 554 rio

134 580 250 654 ittepro
265 581 367 656 Appio
381 583 509 642 Oiaudio
522 585 608 653 dixit,
622 589 721 660 pontio
734 592 803 646 ente
817 595 947 648 mortem.
993 619 997 626 ·

173 679 270 738 Vides
289 680 388 754 igitur,
401 686 433 739 ut
451 685 492 740 'ud
513 687 542 740 te
562 690 715 755 oratorem,
729 687 830 754 Brute,
843 688 1059 761 perrenni-'66

136 795 208 846 mus,
221 783 282 836 tem
302 780 400 838 multis
421 780 500 841 inter
522 789 650 842 nostrum
672 790 808 861 tuomque
830 782 948 844 initium
966 786 1009 844 oi-

136 878 222 934 eendi
234 879 414 954 interpositis
434 879 614 940 oratoribus?
635 900 674 940 ex
693 883 804 958 quibus,
817 885 955 959 quonium
975 885 1008 944 io

136 976 190 1034 troo
204 993 338 1036 sermone
351 985 450 1038 nostro
463 981 552 1040 stetui
573 982 722 1040 neminem
739 999 848 1050 eorum,
860 984 909 1058 qui
923 984 1008 1044 vive·

135 1081 207 1144 rent,
222 1077 389 1148 nominem
412 1097 449 1136 ne
464 1097 519 1137 voe
539 1081 680 1138 curiosius
699 1078 877 1152 ”petieratis
890 1101 928 1140 ex
949 1099 1007 1151 me,

135 1175 201 1247 quid
214 1177 252 1232 de
265 1193 378 1252 qnoque
392 1178 565 1249 judicarem,
589 1197 649 1247 eos,
667 1179 716 1254 qui
730 1179 796 1251 jem
814 1184 882 1238 suut
893 1181 1008 1249 mortni,

135 1273 301 1332 nominabo.
345 1275 426 1332 'I'nrn
440 1276 556 1344 Brutus,
570 1279 599 1334 N
601 1294 640 1334 on
654 1278 826 1353 estrinquit,
839 1277 896 1336 iste
907 1295 1007 1347 oense,

135 1387 220 1444 quom
233 1373 319 1440 diois,
332 1376 518 1447 quemobrem
532 1376 569 1432 de
589 1375 635 1444 iis,
649 1376 698 1451 qui
713 1377 828 1445 vivunt,
841 1377 915 1436 nihii
930 1378 1006 1436 veiis

134 1469 244 1528 dioere.
286 1472 439 1543 Quaenam
463 1473 561 1548 igitur,
588 1474 716 1550 inqum
742 1473 808 1533 est?
838 1477 944 1534 Vereri
965 1481 1005 1545 te,

133 1571 239 1645 inquit,
254 1573 382 1642 arbitror,
395 1592 433 1632 ue
447 1593 498 1650 per
509 1591 565 1634 nos
579 1575 628 1634 hie
643 1593 738 1636 nermo
756 1581 821 1636 tuus
834 1581 961 1645 emanet,
974 1580 1007 1632 et

134 1667 158 1726 ii
183 1670 237 1728 tibi
258 1679 459 1742 succenseant,
483 1691 554 1750 qnos
578 1674 772 1748 praeterieris.
815 1671 914 1746 Quiri?
941 1691 1005 1742 vos,

133 1771 262 1845 inquam,
284 1776 381 1830 tenere
401 1789 459 1830 non
484 1771 639 1847 poteritis?
669 1775 732 1830 Nos
754 1772 880 1847 quidem,
901 1772 1005 1847 inquit,

131 1870 290 1929 facillime:
310 1872 362 1926 sed
373 1877 471 1928 temen
482 1877 511 1928 te
520 1870 642 1929 arbitror
659 1870 681 1903 ⁴⁴
691 1874 779 1930 matie
792 1871 887 1945 ipsum
898 1876 1007 1936 tenere,

130 1987 221 2044 quern
241 1958 475 2027 'taciturnitatem
499 1975 627 2026 nostrum
651 1968 788 2041 experiri
840 1969 921 2026 'Pom
942 1983 1008 2040 ego,

130 2069 228 2136 Vere,
242 2067 372 2142 inquom,
386 2065 448 2134 tibi,
463 2067 563 2133 Brute,
574 2066 682 2124 dicum.
702 2083 762 2122 non
776 2081 824 2122 me
837 2064 1006 2122 existimavi

129 2169 163 2227 in
172 2169 231 2224 hoe
242 2182 377 2223 sermone
388 2181 477 2240 usque
488 2165 612 2221 ed'ttsno
622 2169 749 2222 estatem
759 2181 824 2222 esse
834 2167 1003 2222 venturum:

131 2267 184 2326 sed
198 2267 240 2322 ite
255 2264 344 2322 traxit
358 2266 427 2322 ordo
441 2269 574 2324 ,neutum
593 2265 763 2333 orutioner'n,
777 2269 810 2322 ut
822 2264 886 2337 jum
899 2264 1004 2322 nurui

132 2371 218 2424 riores
232 2363 323 2422 etium
340 2363 530 2436 pervenerim.
572 2365 729 2436 Interpone
749 2363 846 2437 igitur,
858 2363 963 2438 inquit,
976 2363 1002 2422 si

132 2481 203 2539 quos
216 2463 347 2520 vitietur:
368 2461 475 2519 deinde
494 2462 644 2519 redeamus
668 2463 758 2529 erite,
772 2466 804 2518 et
825 2463 864 2518 ed
878 2463 1003 2520 Horten·

132 2563 217 2620 sium.
259 2562 355 2618 immo
368 2577 448 2628 vero,
460 2560 587 2634 inquom,
601 2559 639 2615 sd
650 2559 838 2616 Hortensium
849 2557 942 2616 :⁴⁴⁵‹ie
955 2575 1003 2616 me

130 2661 305 2726 etii'dioent
320 2659 346 2714 si
362 2658 412 2732 qui
426 2659 536 2714 volent
578 2657 705 2714 Minime
716 2673 796 2725 vero,
808 2657 913 2731 inquit.
930 2675 1003 2716 nem

131 2761 187 2818 etsi
208 2777 255 2816 me
273 2757 361 2815 iaoiie
380 2755 461 2813 omni
482 2759 532 2812 tuo
553 2771 685 2812 sermone
708 2755 835 2823 tenuisti,
857 2759 955 2812 muron
977 2756 1002 2812 is

132 2860 206 2918 mihi
227 2857 341 2930 longior
356 2855 480 2922 videtur,
494 2854 568 2928 quod
589 2869 711 2926 propero
724 2852 822 2908 audire
836 2854 873 2908 de
887 2857 926 2907 te.
941 2869 1003 2936 'nee

132 2975 204 3015 uero
218 2961 279 3014 tom
292 2955 330 3012 de
351 2953 505 3012 virtutibus
525 2951 645 3010 dicendi
667 2951 731 3019 tuis,
745 2967 819 3026 quoe
833 2965 898 3008 oum
911 2952 1003 3009 omni·

130 3058 194 3124 bus,
208 3061 269 3112 tum
291 3057 371 3110 oerte
391 3051 464 3110 mihi
486 3049 655 3109 notissimae
675 3057 751 3120 sunt,
770 3049 884 3126 ⁴⁶quum
899 3047 1000 3131 [quoti]

163 3209 186 3244 ⁴³
201 3207 326 3267 eliceretis]
350 3204 639 3252 Eetecorreetioneliivii.
672 3205 733 3254 Libri
743 3221 783 3252 ser.
795 3209 818 3252 ot
827 3206 878 3253 edd.
886 3206 1001 3265 eligente,

130 3269 198 3325 maie,
209 3271 235 3314 et
243 3267 311 3314 solita
325 3265 452 3312 comunione
469 3266 549 3311 literae
559 3280 576 3311 c.
588 3271 612 3310 et
620 3280 643 3324 g.
655 3265 736 3326 dequo
746 3265 774 3311 ad
785 3265 888 3314 Tacitum
900 3265 998 3314 vidimus.

159 3347 181 3379 ⁴⁴
195 3347 262 3392 nnus
271 3346 298 3391 iu
310 3345 384 3400 tpmm
394 3344 481 3448 ucerep
514 3345 539 3393 Io
557 3345 616 3392 Mes.
627 3345 677 3390 rat.
696 3345 772 3415 Cujso.
789 3359 833 3391 non
849 3345 958 3414 reperitur
966 3345 999 3391 id.

128 3410 204 3453 recte:
221 3419 274 3451 nem
285 3417 328 3449 non
339 3415 411 3448 sermo
421 3407 454 3448 est
479 3417 534 3460 ere,
546 3419 603 3466 quae
612 3408 720 3450 taceatur.
738 3409 813 3465 itaque
822 3405 904 3450 delevi.

159 3485 181 3518 ⁴⁵
195 3485 263 3530 deme
272 3483 315 3528 olii
324 3481 465 3542 dicenteto]
496 3483 542 3529 Ser.
555 3483 738 3530 arbitrordr‘cont.
756 3497 800 3529 non
809 3481 871 3535 dicit,
882 3480 935 3542 quid
944 3481 1002 3526 iutu-

130 3559 179 3590 rum
189 3543 233 3590 eit:
249 3542 289 3588 red
300 3539 405 3601 relinquit
415 3539 464 3586 eliis
474 3540 502 3586 de
512 3541 623 3599 reticere,
634 3543 693 3603 quod
702 3547 736 3588 est
743 3542 827 3596 dicunt,
838 3555 881 3586 non
891 3539 971 3584 dicem.

158 3623 181 3656 ⁴⁶
194 3620 326 3684 quomque&
334 3621 419 3678 modus
426 3623 451 3676 i,
461 3619 515 3679 ete]
525 3621 583 3680 qoud
589 3620 650 3667 houd
659 3621 787 3668 dubitanter
793 3615 919 3669 delendum,
926 3613 1003 3685 turini

130 3681 189 3729 enirn
206 3678 400 3728 constructionem.
435 3679 537 3726 Pendent
553 3677 628 3726 omniu
643 3693 658 3724 e
672 3677 746 3728 studio
762 3687 900 3733 opposuere:
921 3688 962 3721 mer
979 3689 1002 3720 rn
