2436 4192
497 317 621 368 roaros.
644 395 647 402 μ
932 323 994 388 all
1070 325 1088 344 ·

123 465 446 544 explicandatraotatio
459 472 513 525 est
532 467 757 541 Comparantur
766 466 854 542 igitur
864 487 909 539 sa,
921 488 995 547 quae

124 573 177 626 aut
190 567 308 641 majora,
322 572 373 625 aut
385 566 505 635 minora,
519 570 567 624 aul
582 566 664 640 paria
677 565 829 624 dicuntur:
850 565 995 644 inquibus

127 671 296 741 specta-ntur
306 667 389 734 haee,
399 681 542 732 numerus,
553 664 677 738 speeies,
689 664 744 732 vis,
756 665 898 738 quaedam
908 666 997 726 etiam

125 765 164 822 ad
177 781 223 822 res
242 764 352 838 aliquas
368 763 494 822 allectio.
535 763 665 821 Numero
686 763 729 820 sio
747 765 997 837 eomparabuntur‚

123 861 232 938 “plura
243 865 318 935 bpna
326 867 358 920 ut
368 862 550 936 paucioribus
559 862 643 919 bonis
653 866 874 936 anteponantur,
883 862 997 937 paucio·

125 980 158 1020 ra
176 962 253 1019 mala
267 961 350 1019 malis
369 961 506 1035 pluribus,
523 960 702 1018 diuturniora
716 962 792 1018 bona
807 961 997 1030 brevioribus,

124 1062 212 1135 longe
224 1065 256 1118 et
265 1061 324 1117 late
338 1064 498 1133 pervagata
506 1058 652 1132 angustio
664 1076 702 1116 ex
713 1059 815 1133 quibus
826 1062 908 1134 plura
921 1062 998 1118 bona

125 1164 328 1234 propagentur,
337 1175 468 1232 quaeque
477 1159 571 1230 plures
580 1157 730 1215 imitentur
738 1161 770 1214 et
780 1157 899 1216 laniant.
927 1159 997 1233 Spe·

125 1257 174 1317 oie
184 1257 282 1316 autem
295 1259 508 1330 comparantur,
518 1260 551 1313 ut
564 1260 785 1330 anteponantur,
792 1274 869 1332 quae
882 1263 997 1332 propter

124 1375 156 1414 se
168 1356 334 1432 expetenda
346 1358 422 1422 sunt,
433 1353 479 1422 iis,
490 1371 564 1428 quae
578 1359 694 1428 propter
703 1356 799 1426 aliud3
813 1361 844 1414 et
853 1361 886 1414 ut
894 1356 997 1416 innata

124 1459 214 1530 atque
227 1453 324 1521 insita,
338 1452 515 1511 assumtis-et
528 1453 715 1523 adventiciis,
728 1454 842 1530 integra
855 1455 995 1514 oontaml·

124 1552 214 1620 natis,
232 1552 363 1625 jucunda
386 1550 479 1608 minus
494 1551 642 1624 jucundis,
665 1554 788 1611 honesta
810 1555 881 1628 ipsis
905 1554 995 1612 etiam

122 1651 253 1720 utilibus,
267 1648 409 1726 proclivio
429 1649 588 1719 laboriosis,
609 1653 775 1710 necessaria
788 1669 848 1710 non
861 1669 994 1710 neeessa-

122 1751 185 1818 riis‚
212 1768 264 1808 sua
291 1749 404 1816 alienis,
427 1765 492 1806 rara
519 1749 695 1823 vulgaribus,
716 1749 921 1808 desiderabilia
947 1751 994 1818 iis,

122 1851 226 1926 quibus
252 1849 340 1907 laoile
363 1863 462 1904 oarere
481 1847 583 1918 possis,
601 1847 731 1920 perlecta
750 1847 907 1918 inchoatis,
927 1853 994 1906 tota

122 1948 262 2023 partibus,
281 1946 394 2003 ratione
408 1945 520 2004 utentia
533 1945 654 2002 rationis
667 1947 843 2019 expertibus,
862 1949 997 2008 volunta·

121 2047 167 2105 ria
180 2044 362 2112 neeessariis,
375 2044 504 2102 animata
517 2042 695 2112 inanimatis,
710 2046 851 2102 naturalia
864 2057 924 2104 nou
944 2063 993 2104 na·

122 2143 274 2211 toralibus,
298 2142 454 2201 artificiosa
476 2155 535 2201 non
555 2141 726 2200 artificiosis.
767 2143 824 2200 Vis
842 2148 940 2204 autem
960 2147 993 2204 in

122 2242 341 2318 comparatione
367 2241 410 2300 sio
434 2241 573 2310 semitm,
597 2241 727 2309 efficiens
754 2259 842 2302 eausa
868 2243 993 2318 gravior,

124 2359 211 2418 quam
223 2359 284 2400 non
302 2341 450 2400 efficiens:
472 2359 544 2416 quae
563 2340 668 2414 seipsis
686 2345 914 2424 contentasunt,
934 2360 992 2401 me-

124 2439 208 2507 liora,
231 2456 317 2514 quam
335 2455 408 2514 quae
422 2444 510 2512 egent
530 2439 614 2497 aliis:
636 2455 710 2513 quae
723 2440 755 2496 in
780 2445 888 2506 nostra,
906 2459 992 2514 quam

122 2555 198 2614 quae
210 2537 243 2594 in
253 2535 374 2594 aliorum
386 2539 530 2609 potestate
544 2541 626 2594 suot:
637 2536 753 2593 stabilia
766 2535 903 2594 insertis:
919 2555 992 2612 quaa

123 2635 200 2709 eripi
213 2650 273 2692 non
286 2639 414 2707 possunt,
426 2633 473 2702 iis,
493 2650 565 2708 quae
584 2637 712 2707 possunt.
754 2634 883 2693 Affeotio
896 2640 993 2696 autem

122 2735 163 2794 ad
185 2750 231 2790 res
251 2731 370 2808 aliquas,
393 2738 439 2788 est
459 2732 636 2806 hujusmodi:
659 2731 821 2806 principum
841 2735 994 2792 commoda

124 2835 243 2909 majora,
259 2849 345 2908 quam
358 2830 547 2905 reliquorum
568 2830 705 2904 itemque,
725 2847 797 2904 quae
809 2831 996 2903 jncundiora,

123 2952 198 3010 quae
209 2931 337 3007 pluribus
346 2932 477 3006 probata,
490 2945 563 3005 quae
574 2931 611 2986 ab
621 2929 731 3004 optimo
741 2945 853 3006 quoque
867 2931 992 2990 laudata.

125 3035 233 3108 Atque,
242 3036 275 3088 ut
285 3031 359 3088 haee
370 3028 402 3086 in
415 3027 632 3102 comparatione
644 3025 773 3097 meliora,
784 3029 827 3087 sio
841 3030 992 3102 deteriora,

125 3145 198 3206 quae
219 3129 255 3187 iis
278 3132 345 3186 sunt
365 3127 518 3186 contraria.
561 3127 680 3186 Parium
700 3133 798 3187 autem
815 3132 994 3204 comparatio

126 3227 211 3287 ”neo
231 3228 388 3304 elationem
408 3227 505 3296 babel,
525 3243 582 3285 nee
603 3225 832 3288 submissionem.
852 3235 897 3288 est
914 3231 994 3290 enim

153 3381 177 3416 7⁴
187 3383 258 3442 pluro
267 3381 323 3427 bom
331 3383 358 3427 ot
367 3380 444 3441 pona]
474 3379 519 3428 llio
526 3379 583 3428 ordo
596 3385 631 3430 eat
644 3397 672 3429 ex
686 3381 737 3429 edd.
748 3397 782 3444 pr.
800 3383 918 3448 plerisque,
932 3384 995 3446 isque

127 3439 252 3499 elegantior
260 3439 359 3498 vulgato,
370 3441 396 3484 ut
403 3439 434 3495 pt.
445 3438 465 3484 t.
474 3453 539 3496 poue.
551 3440 589 3501 qui
598 3445 632 3488 est
641 3440 663 3488 io
672 3443 708 3488 ed.
721 3441 778 3489 Veo.

153 3516 178 3553 ⁷⁵
193 3531 233 3565 oso
247 3518 363 3564 elationem
376 3515 447 3578 laba]
463 3531 485 3563 v.
501 3517 566 3565 clav.
585 3519 609 3566 in
623 3519 693 3567 elatio.
725 3519 770 3568 Ed,
781 3519 839 3568 Ven.
853 3521 935 3566 tatem
951 3533 996 3566 noo

124 3577 191 3635 nale,
202 3581 228 3622 ot
237 3576 266 3623 sit
275 3574 438 3636 praecipientis.
469 3576 530 3624 Mox
540 3583 694 3638 aoropormw
703 3577 739 3628 ad.
750 3577 809 3626 ven.
820 3590 861 3640 pro
871 3591 997 3635 mpomo·

120 3639 167 3693 tar,
177 3637 204 3682 ut
213 3634 260 3698 ipss
270 3635 353 3683 dudum
362 3648 506 3682 correxeram.
