2444 4192
311 368 502 422 ostroaldo
517 369 740 418 Paarl'rloltos.
902 378 965 436 269

103 523 174 579 bum
187 537 226 578 ex
240 521 358 578 duobus.
385 517 406 552 ⁴⁰
415 520 449 577 ln
463 518 627 594 conjunctis
642 521 739 576 autem
753 518 848 576 verbis
864 520 967 592 triplex

104 619 238 678 adhiberi
258 623 353 692 potest
370 618 565 685 commutatio,
580 635 639 675 non
652 619 814 684 verborum,
834 618 884 673 sed
899 618 970 674 ordi·

107 719 152 776 nis
167 719 381 775 tantummodo:
405 722 445 786 ut,
466 734 532 774 eum
552 719 642 774 semel
663 717 773 774 dietum
795 716 833 773 sit
852 715 972 783 directe,

104 813 213 874 ⁴¹siout
233 820 335 873 natura
358 816 421 889 ipsa
435 815 541 884 tulerit,
565 815 725 872 invertatur
748 817 827 884 ordo,
846 819 876 872 et
895 814 973 872 idem

106 914 187 990 quasi
207 932 318 972 sursum
341 932 439 972 versus
463 919 595 987 retroque
616 914 742 984 dicatum
765 913 872 972 deinde
895 913 974 970 idem

106 1013 243 1070 intercise
256 1018 342 1087 atque
356 1013 502 1086 permiste.
544 1013 706 1086 Eloquendi
723 1018 819 1070 autem
834 1013 974 1070 exercita-

107 1111 150 1169 tio
168 1112 296 1169 maxime
310 1111 341 1168 in
355 1114 412 1168 hoe
427 1116 489 1168 toto
502 1111 693 1168 convertendi
713 1129 820 1184 genere
834 1116 973 1168 versatur.

56 1213 68 1228 '
146 1210 182 1269 0.
203 1213 239 1268 Ρ.
256 1211 347 1268 Aetio
367 1209 454 1284 igitur
465 1209 603 1284 sequitur,
624 1215 655 1265 ut
668 1211 778 1283 opinor.
821 1211 856 1266 O.
870 1211 906 1300 ξ.
921 1211 974 1266 Est

108 1308 169 1366 ita:
190 1327 263 1384 quae
278 1307 393 1382 quidem
407 1307 512 1364 oratori
526 1312 634 1364 etcum
649 1325 741 1366 rerum
756 1313 785 1366 et
803 1306 898 1365 ⁴²cum
913 1327 975 1368 ver·
1019 1319 1038 1382 ᾗ

109 1408 212 1464 borum
239 1407 392 1463 momentis
420 1407 622 1463 commutanda
647 1407 773 1464 maxime
794 1415 846 1464 est.
889 1408 976 1466 Facit

107 1504 190 1562 enim
204 1509 234 1560 et
248 1503 404 1560 dilucidam
424 1505 590 1574 orationem,
606 1512 635 1562 et
649 1506 797 1574 illustrem,
809 1512 838 1563 et
847 1506 976 1579 probabi-

106 1605 178 1669 lem,
203 1607 233 1658 et
257 1593 384 1670 suarem,
409 1621 467 1660 non
490 1605 596 1671 verbis,
623 1607 675 1660 sed
698 1605 840 1660 varietate
862 1621 977 1669 vocum,

110 1704 192 1762 motu
215 1701 350 1773 eorporis,
368 1703 460 1769 vultu,
483 1719 557 1776 quae
579 1703 732 1773 plurimum
754 1699 935 1767 ⁴³valebunt,
954 1701 979 1757 si

108 1817 177 1862 cum
200 1800 338 1858 orationis
365 1817 471 1873 genere
495 1798 689 1866 consentient,
714 1799 830 1873 ejusque
859 1799 919 1855 vim
944 1815 978 1854 ne

109 1899 283 1956 varietatem
298 1899 512 1970 subsequentur.
555 1897 591 1954 C.
607 1898 642 1953 F.
664 1899 742 1954 Num
756 1897 892 1971 quidnam
911 1895 931 1926 ⁴⁴
942 1898 979 1953 de

112 2001 226 2054 oratore
241 1994 304 2066 ipso
318 1990 430 2050 restat?
452 1994 487 2051 Ο.
503 1995 536 2050 Ρ.
552 1994 635 2050 Nihil
649 2013 729 2062 sane,
748 2001 861 2068 praeter
875 2013 980 2052 memo-

111 2095 195 2160 riam,
209 2110 282 2166 quae
297 2098 344 2148 est
354 2091 470 2166 gemina
485 2091 660 2150 litteraturae
674 2095 892 2167 quodammodo,
906 2099 935 2150 et
949 2094 979 2152 iu

110 2191 247 2250 dissimili
267 2208 375 2264 genere
395 2189 556 2263 persimilis.
598 2191 676 2248 Nam
698 2196 728 2248 ut
742 2193 793 2250 illa
814 2197 929 2250 coastat
942 2212 979 2250 ex

113 2292 191 2348 notis
214 2290 380 2356 litterarum,
400 2294 483 2347 etex
503 2307 548 2357 eo,
569 2289 674 2364 inquo
693 2290 893 2364 imprimuntur
913 2291 980 2348 illae

113 2394 218 2447 notae:
241 2387 284 2444 sio
299 2387 445 2444 conlectio
461 2387 627 2455 memoriae,
647 2393 792 2462 tamquam
812 2407 888 2456 cera,
908 2389 980 2444 loeis

114 2487 213 2552 utitur,
224 2489 254 2541 et
268 2484 300 2540 iu
313 2484 359 2540 his
372 2484 523 2557 imagines,
537 2489 569 2540 ut
581 2485 700 2551 litteras,
714 2488 849 2542 collocat.

141 2641 164 2676 ⁴⁰
182 2635 213 2684 1n
223 2637 345 2696 nnjamm
355 2662 365 2672 -
374 2663 384 2672 -
394 2638 548 2698 commutatio]
574 2638 638 2685 Haec
647 2639 773 2688 exciderunt
782 2653 796 2686 e
805 2640 834 2688 M
836 2657 853 2688 s.
866 2641 894 2689 li.

142 2719 163 2752 ⁴¹
179 2716 385 2772 sicutrroturaipso
401 2716 496 2776 tutam]
522 2716 603 2772 Credo,
619 2717 748 2764 Ciceronem
763 2719 872 2779 scripsisse
886 2723 983 2770 tulerat:

112 2778 195 2824 directe
209 2775 282 2822 dicere
292 2777 367 2820 autem
377 2778 418 2829 est,
427 2788 477 2819 cum
486 2788 521 2820 res
531 2775 639 2831 dicuutur,
654 2775 731 2822 ordine
741 2784 841 2832 naturae,
858 2782 883 2823 ut
893 2779 950 2838 quod
962 2779 984 2824 in

114 2849 141 2881 eo
148 2842 184 2882 est
193 2834 295 2895 primum,
304 2831 373 2880 etism
380 2833 452 2894 primo
461 2833 512 2878 looo
519 2831 612 2890 dicatur,
621 2834 683 2880 etsie
692 2833 801 2895 deinceps,
810 2835 890 2882 deinde
899 2843 983 2893 eontra,

115 2894 218 2940 ultimum
233 2891 307 2962 primo
319 2891 376 2948 loco,
386 2892 481 2952 primum
490 2889 577 2948 ultimo,
593 2890 647 2938 item
659 2907 726 2954 porro
736 2892 782 2938 sine
791 2893 868 2940 ordine
879 2895 983 2952 naturali,

117 2952 177 3012 quod
185 2956 220 2998 est
228 2949 330 2997 redactae
339 2955 406 3011 atque
419 2949 535 3006 perrrrirtc:
551 2955 577 2996 ut
590 2949 608 2996 ri
621 2951 711 3006 dixer-is,
721 2952 795 2997 omnio
808 2957 886 3008 purast
895 2954 975 3000 necessi

116 3011 161 3067 aa,
173 3010 231 3070 quod
242 3014 276 3055 est
286 3008 377 3065 directe,
393 3009 453 3054 dicas
463 3007 557 3065 inverse,
566 3009 687 3055 memntotr'
694 3011 861 3066 pareruomnlm
872 3012 908 3058 vel
917 3013 975 3060 inter

117 3067 168 3124 eise,
179 3069 253 3114 mario
262 3067 382 3113 mammii
388 3069 474 3124 portat.
500 3067 569 3124 Cujus
583 3067 668 3126 generis
677 3068 748 3114 multa
758 3075 808 3116 sunt
817 3068 839 3114 iu
849 3070 983 3120 orationibus

75 3165 82 3177 .
118 3125 237 3183 Ciceronis,
248 3140 297 3171 eum
307 3126 385 3171 eedem
395 3141 429 3172 res
443 3125 530 3186 saepius
540 3131 589 3172 erat
599 3126 700 3174 dicenda

146 3224 169 3258 ⁴2
185 3223 501 3285 massmannum]
527 3213 780 3283 mmeramme
807 3226 984 3278 illudadmrr's-

120 3283 449 3341 totenqhocadoirnresertur.

146 3361 168 3395 ⁴³
183 3363 305 3408 melum-
314 3387 323 3396 ·
333 3360 465 3407 sementiam
478 3387 488 3396 -
501 3387 511 3396 -
526 3363 701 3424 adsequentur]
728 3363 775 3412 Ms.
791 3366 819 3414 V.
832 3368 900 3413 refert
911 3368 985 3414 omnia

121 3419 276 3525 ιὴῗέἳίἕιιίιξπω,
292 3420 403 3481 habetque
412 3419 492 3466 ndat
500 3445 510 3454 ·
518 3446 528 3454 ·
537 3423 659 3480 mentiri,
675 3424 822 3484 adsequetur,
854 3427 899 3472 Sed
909 3426 986 3484 vulga-

109 3596 114 3606 ,
149 3556 376 3619 “demomrsipsoq
408 3556 753 3617 Msidemlrabetomton‘iprr'.
785 3559 828 3606 ud.
839 3559 897 3606 Vsu.
911 3559 986 3606 libide

124 3618 205 3662 mors
214 3616 267 3673 ipro.

165 3713 237 3756 vor..
253 3714 299 3752 rrr.
535 3700 572 3752 211
