2474 4188
221 319 262 384 ω
585 310 718 366 morus.

167 469 209 531 ‘25
260 463 390 524 Fuomnt
410 462 499 523 etism
512 463 543 520 ln
557 467 699 520 oratorum
717 475 836 522 numero
845 457 1034 520 mediocrium
1048 458 1090 522 1..

219 567 250 620 et
270 565 320 636 Sp.
348 562 493 630 Mummii,
515 561 625 629 iratres,
650 577 769 633 quorum
794 564 912 618 exstent
937 561 1088 620 amborum

219 662 379 720 orationes:
394 659 516 734 simplex
529 661 645 735 quidem
658 663 694 720 1..
709 664 740 717 et
752 658 901 732 antiquus:
924 658 976 731 Sp.
986 663 1087 716 eutem

218 759 313 818 nihilo
339 758 389 816 ille
413 758 530 832 quidem
552 761 692 827 ornatior,
715 759 767 816 sed
790 762 888 814 temen
911 755 1086 812 adstrictior.

217 857 361 915 luitenim
373 857 475 914 doctus
485 857 688 932 exdisciplins
699 855 873 914 Stoicomm.
894 851 1009 912 Multse‘
1017 857 1087 912 sont

220 956 271 1028 Sp.
286 955 390 1016 Albini
410 954 564 1012 orationes.
606 957 681 1013 Sunt
699 955 787 1012 etism
802 953 837 1012 1..
856 955 887 1008 et
900 951 936 1008 Ο.
951 951 1087 1008 Aurelio·

218 1069 281 1112 rum
290 1053 463 1120 Orestarum,
474 1071 544 1129 quos
558 1054 654 1129 eliquo
664 1053 753 1112 video
764 1051 796 1108 in
807 1065 928 1108 numero
939 1053 1085 1108 crotonem

217 1151 314 1208 luisse.
355 1151 389 1208 P.
404 1152 493 1210 etiem
517 1150 657 1226 Popillius
679 1167 746 1210 cum
769 1148 846 1206 civis
870 1147 1086 1222 egregius,tum

159 1294 162 1300 .
217 1266 277 1306 non
290 1249 444 1307 indisertus
457 1249 520 1307 luit.
562 1250 597 1308 C.
612 1267 694 1318 vero,
707 1248 782 1307 filius
795 1247 865 1320 ejus,
878 1245 1010 1304 disertus.
1046 1246 1090 1304 0.,

217 1365 271 1423 qne
286 1348 451 1406 Tuditanus
472 1365 539 1406 curn
551 1346 659 1407 ⁵⁵omni
673 1348 736 1406 vito
754 1351 838 1421 etque
853 1345 934 1402 victu
947 1346 1082 1402 excultio

216 1450 301 1520 etque
315 1445 469 1519 expolitus,
482 1451 542 1504 tum
565 1447 626 1519 ejus
640 1448 759 1520 elegans
783 1448 826 1502 est
840 1443 971 1500 hobitum
990 1443 1082 1500 etism

216 1543 356 1602 orationis
367 1561 468 1618 genus.
508 1543 674 1618 Eodemque
687 1543 719 1601 in
732 1559 838 1619 genere
860 1546 904 1598 est
917 1539 1034 1598 habitus
1047 1539 1081 1608 is,

216 1642 265 1716 qui
283 1642 389 1716 injurio
412 1645 533 1715 accepts
552 1641 636 1716 tregit
656 1641 707 1698 Ti.
741 1639 907 1698 Gracchum
930 1637 1082 1711 potientis,

216 1739 293 1796 civis
313 1740 344 1796 in
364 1742 447 1798 rebus
469 1739 586 1813 optimis
599 1738 857 1805 constentissimns,
871 1737 914 1794 M.
930 1736 1081 1797 Octavius.

217 1839 261 1898 At
274 1855 345 1896 vero
358 1838 404 1896 M.
416 1837 560 1896 Aemilius
573 1837 710 1911 Lepidus,
720 1837 769 1912 qui
781 1841 827 1892 est
840 1834 967 1892 Porcina
978 1834 1082 1903 dictm,

216 1935 320 1996 iisdem
345 1935 521 2010 temporibus
557 1937 625 2004 lere,
651 1934 754 2010 quibus
781 1934 885 2001 Gelba,
908 1934 960 1990 sed
984 1935 1081 2006 paullo

216 2036 310 2094 minor
323 2041 401 2102 notu,
422 2039 453 2092 et
465 2051 590 2092 summm
603 2038 698 2090 orator
715 2037 760 2090 est
783 2031 906 2099 habitus,
920 2036 951 2088 et
969 2031 1032 2099 luit,
1050 2036 1083 2090 ut

215 2138 336 2204 oppcret
348 2151 387 2188 ex
399 2131 586 2195 cretionibus,
604 2129 725 2201 scriptor
743 2146 814 2186 sene
828 2131 928 2196 bonus.
967 2130 1035 2186 Hoc
1049 2128 1081 2188 in

215 2232 328 2290 oratore
342 2227 449 2284 Latino
463 2225 584 2298 primum
598 2225 669 2282 mibi
684 2225 799 2282 videtur
822 2232 852 2284 et
865 2226 968 2284 lenitas
994 2243 1083 2300 oppa-

215 2324 306 2382 ruisse
327 2323 380 2380 illo
406 2324 594 2390 Graecorum,
617 2326 648 2380 et
673 2325 825 2382 verborum
851 2325 1081 2397 comprehensio,

216 2423 305 2480 etium
313 2421 418 2479 artilex
428 2417 473 2498 (ut
483 2420 526 2477 ite
538 2417 649 2497 dicam)
661 2421 753 2479 stilus.
785 2423 872 2480 Hunc
883 2423 1009 2480 studiose
1023 2425 1080 2482 duo

215 2523 416 2580 adolescentes
437 2518 671 2592 ingeniosissimi,
698 2524 729 2584 et
754 2537 842 2594 prope
863 2523 1007 2596 aequales,
1042 2523 1078 2580 G.

214 2619 321 2686 Carbo,
332 2623 363 2675 et
375 2617 425 2675 ui.
441 2617 590 2674 Gracchus
612 2617 709 2674 audire
727 2618 805 2676 soliti
826 2625 904 2677 suntz
929 2621 1080 2694 dequibus

209 2717 273 2792 jons
287 2716 405 2776 dicendi
416 2718 496 2774 locus
504 2714 567 2782 erit,
578 2732 644 2774 cum
655 2717 691 2773 de
700 2716 860 2774 senioribus
868 2735 961 2791 pauco
969 2719 1081 2776 dixero.

215 2821 254 2891 Q.
269 2817 348 2876 enim
362 2815 515 2890 Pompejus
530 2833 588 2872 non
613 2820 775 2873 contemtus
788 2821 891 2890 orator,
905 2818 1080 2890 temporibus
1104 2893 1106 2898 Ι

215 2918 283 2985 illis,
296 2917 359 2984 luit,
373 2915 422 2992 qui
435 2931 560 2972 summos
574 2915 706 2980 honores,
724 2915 810 2972 homo
823 2931 874 2987 per
886 2932 918 2971 se
936 2916 1079 2992 cognitus,

215 3015 279 3074 sine
293 3017 352 3070 ullo
364 3011 616 3070 commendatione
627 3011 766 3084 majorum
780 3019 824 3068 est
835 3013 963 3086 adeptus.
999 3014 1080 3074 'l'um

215 3113 252 3172 L.
264 3112 384 3168 Crassus
395 3111 515 3168 multum
525 3109 626 3181 potuit,
635 3127 694 3166 non
702 3110 875 3184 eloquentia,
889 3112 940 3166 sed
953 3110 1080 3170 dicendo

215 3216 325 3278 tamem
336 3209 431 3274 homo,
443 3204 464 3238 ⁰⁶
476 3225 536 3266 non
549 3206 731 3279 liberalitate,
746 3215 777 3268 ut
790 3209 850 3279 clii,
864 3191 925 3292 'sed
938 3208 1003 3290 ipse
1016 3212 1079 3270 tris·

244 3351 335 3424 ⁵⁵·nmm'
344 3349 390 3396 nilo
398 3353 461 3408 olous
468 3349 546 3410 sirm]
578 3349 650 3410 Saepo
665 3352 726 3399 hacsi
736 3353 758 3399 in
767 3353 835 3411 victu,
845 3354 883 3415 qui
892 3351 986 3422 intelligi
1004 3359 1080 3425 potest

213 3411 1082 3543 *nutriunt->rusteconsenescentes

245 3539 255 3577 t
269 3545 291 3576 m
301 3526 350 3576 sit?

214 3547 268 3647 mig
275 3623 320 3660 ooo
334 3605 480 3656 lusrauuc-
488 3630 498 3644 ·
507 3604 544 3654 sod
552 3603 599 3666 ipso
608 3604 663 3652 trist.
675 3609 756 3668 elren]
787 3607 823 3658 En
832 3609 944 3671 oppositis,
959 3609 1005 3668 uso
1018 3613 1047 3656 tr.
1056 3612 1082 3656 et
