2444 4192
218 307 314 424 ,η’
437 346 629 410 onlrornn
642 339 866 410 rmrrrrornr.

217 516 271 582 pro
289 503 399 566 certior
424 501 531 568 deinde
549 509 637 568 etlam
662 509 693 568 in
713 505 864 584 perspicui
882 503 964 565 ialal!
983 501 1091 562 eadent

217 619 304 681 ponae
326 605 405 666 dici:
433 613 494 667 tum
513 622 552 667 ex
570 609 617 678 iic,
636 593 742 684 “quae
755 605 896 674 sumserit,
916 623 979 664 non
999 601 1088 670 effici,

218 705 296 782 quod
308 705 391 765 velit.
433 707 587 768 Accedere
601 713 698 768 autem
711 711 823 783 oportet
838 706 876 765 ad
895 704 1030 779 cingula:
1043 701 1089 759 aio

218 805 355 864 univerae
381 802 557 881 frangentur.
612 799 872 867 Commemoranda
902 803 972 862 aurit
997 803 1091 859 etiam

218 908 362 979 exempla,
381 905 483 982 quibua
497 905 586 965 simili
606 907 639 965 in
657 905 850 981 disputatione
864 903 1009 962 creditum
1025 903 1088 960 non‘

217 1001 272 1062 rit:
296 1007 501 1080 conquerenda
519 1005 651 1064 conditio
671 1003 830 1064 communia
851 1001 986 1077 periculi,
1006 999 1033 1056 ri
1046 998 1089 1056 in·

217 1101 313 1179 gentil
325 1103 476 1164 hominum
489 1105 708 1164 criminosorum
721 1104 760 1162 ait
772 1101 906 1178 exposita
918 1101 984 1159 vita
1003 1099 1086 1157 inno·
1154 1087 1157 1094 ⁴

216 1198 355 1262 centium.

167 1302 207 1362 13
257 1297 294 1360 0.
314 1303 350 1360 Ρ.
366 1301 512 1376 Quoniam
525 1303 603 1364 unde
623 1295 928 1376 inveniuntur⁰⁰quae
948 1296 1091 1357 adunent

216 1399 373 1474 pertinent,
391 1399 494 1470 babeo,
516 1403 755 1478 quemadmodum
774 1400 806 1458 in
825 1397 953 1458 diceudo
973 1395 1089 1473 ringula

216 1501 383 1567 tractentur,
413 1506 562 1574 exspecto.
604 1499 639 1559 c.
661 1501 696 1558 P.
731 1478 1089 1578 ‘²[Argumentationem]

216 1609 352 1672 quaerere
365 1597 483 1667 viderie,
496 1605 568 1675 quae
579 1599 617 1656 alt
630 1599 793 1673 argumenti
807 1596 981 1671 explicatio:
998 1591 1090 1674 [quae‘

217 1701 311 1754 sumta
332 1711 372 1754 ex
384 1697 421 1756 ilr
435 1697 517 1768 locis,
538 1697 588 1774 qul
607 1703 675 1756 eunt
693 1695 830 1771 expositi,
851 1694 1033 1754 conficienda
1053 1693 1087 1751 et

216 1792 420 1874 ‹Ertmgnenda
432 1797 560 1856 dilucide
574 1793 641 1874 eet]
684 1795 720 1854 Ο.
734 1793 771 1854 F.
787 1793 880 1853 Plane
900 1793 971 1852 ictuc
986 1792 1085 1866 ipsum

216 1893 358 1954 desidero.
400 1890 435 1953 θ’.
451 1892 485 1953 P.
510 1893 563 1954 nst
576 1912 645 1971 ergo
663 1893 708 1967 (ut
727 1912 811 1968 supra
831 1893 942 1951 dictum
954 1887 1012 1969 eet)
1032 1909 1085 1949 ex·

218 1991 338 2068 plicatio
357 1991 527 2068 argumenti,
546 1991 769 2072 argumentatio:
794 1993 846 2050 sed
867 1999 903 2050 ea'
922 1991 1086 2060 conficitur,

216 2109 283 2150 com
297 2091 431 2151 sumserit
445 2097 494 2150 ant
508 2111 567 2151 nou
581 2093 677 2161 dubia,
691 2095 740 2150 aut
753 2085 922 2165 probabilia,
932 2108 972 2148 ex
983 2090 1085 2164 quibua

215 2189 249 2246 id
260 2191 378 2258 ciliciae,
392 2193 468 2265 quod
481 2198 531 2250 ant
551 2193 678 2262 dubium,
692 2191 849 2249 autminus
871 2190 1021 2264 probabile
1034 2189 1091 2264 per'

215 2287 391 2344 revidetur.
434 2289 668 2360 Argumentandi
685 2295 783 2347 autem
802 2289 858 2348 duo
879 2293 947 2346 aunt
968 2305 1086 2364 genera,

214 2391 333 2459 quorum
351 2385 472 2442 aiterum
486 2385 524 2442 ad
537 2385 624 2444 fidem
640 2383 752 2446 directo
766 2389 893 2462 spectat3
908 2389 1033 2446 alterum
1052 2405 1084 2444 ae

214 2479 340 2543 inflectit
353 2485 389 2542 ad
403 2487 522 2544 motum.
563 2485 714 2561 Dirigitur,
728 2505 795 2545 cum
805 2487 952 2562 proposuit
966 2485 1086 2562 aliquid,

214 2585 291 2659 qnod
303 2585 445 2660 probaret,
459 2586 615 2663 sumsitque
629 2597 673 2656 ea,
685 2585 705 2618 ⁰⁸
715 2587 816 2662 quibus
826 2586 981 2644 niteretur:
998 2589 1083 2661 atque

243 2737 266 2771 ⁶⁵
279 2753 334 2799 quoa
349 2741 574 2802 munerun-quon
587 2741 658 2802 coiit]
688 2740 726 2788 Sic
741 2740 842 2802 reroripai
857 2754 872 2786 e
886 2739 935 2788 Mt.
954 2741 984 2788 u.
1005 2744 1031 2790 et
1044 2739 1081 2786 ed.

212 2795 272 2846 Ven.
284 2814 336 2845 narn
346 2799 440 2846 refertur
450 2799 479 2846 ad
488 2799 658 2857 odvermrium
667 2805 691 2846 et
701 2800 758 2860 pund
766 2814 808 2860 pro
817 2814 872 2858 quoe
881 2813 909 2845 ex
918 2799 998 2845 eodem
1008 2799 1057 2846 Mn.

243 2877 266 2912 Ν
280 2893 335 2941 quoe
344 2878 455 2938 ndfidem
468 2879 596 2940 portinent]
622 2879 666 2926 lid.
681 2879 739 2926 Ven.
750 2875 853 2935 ottinem',
863 2873 926 2939 quod
934 2891 1011 2925 verum
1020 2875 1081 2924 ride'

214 2942 258 2986 tn.
269 2955 323 2987 nam
331 2944 357 2986 et
363 2939 417 2986 alibi
430 2939 542 2986 bniciliod
553 2939 694 2986 nbrbmtum
703 2942 743 2984 eat

243 3017 267 3052 ⁶⁷
281 3019 620 3078 Argumentationem-upum
634 3019 662 3064 ait
676 3032 697 3064 n.
709 3032 726 3064 e.
738 3018 792 3078 ete]
827 3016 900 3064 Aldur
914 3021 940 3063 et
953 3016 1025 3063 Junta
1042 3017 1081 3063 ba-

213 3074 267 3122 bent
282 3092 337 3135 pum
347 3083 383 3124 ert.
415 3078 512 3124 Suasit
523 3077 599 3124 iuhor
613 3082 675 3124 textu
688 3083 747 3124 utare
761 3091 805 3123 non
820 3079 900 3138 potest„
933 3075 979 3122 Sed
989 3075 1080 3124 verbnm

212 3135 425 3189 argumottnbbraem
439 3135 485 3182 sin'e
495 3135 563 3183 dubio
575 3142 609 3184 eat
625 3135 727 3206 spurium.
745 3151 795 3184 nam
812 3148 892 3182 nomen
906 3133 949 3182 hoc
958 3131 1081 3196 postponi·

212 3193 267 3260 tur:⁸
279 3195 313 3236 ent
328 3207 381 3249 ergo
390 3193 507 3256 explicatio
522 3200 643 3254 argumenc
654 3193 822 3253 argumentatio.
857 3195 907 3242 Nec
916 3193 1081 3252 argumentatio

212 3251 305 3315 nnnrbrr
314 3263 328 3294 e
337 3251 398 3307 loeis,
413 3254 451 3298 aed
461 3258 621 3310 argumentum,
634 3253 681 3310 ejur
690 3259 766 3301 autem
779 3253 883 3301 cantatio
897 3254 930 3298 ert
940 3257 1081 3312 argmenta·

212 3307 252 3350 tro.
277 3305 326 3374 ills.
337 3311 412 3353 cotem
422 3309 450 3354 il.
461 3322 505 3357 non
515 3312 583 3357 babet
591 3325 645 3370 pauo
652 3316 725 3357 summ
733 3340 743 3349 -
752 3340 762 3349 ·
771 3313 870 3360 &larido
878 3316 915 3366 ert,
925 3311 986 3374 quod
996 3312 1077 3374 placet

211 3365 305 3411 nombre
314 3365 344 3410 de
352 3379 432 3432 genere
441 3371 508 3415 modo
517 3381 588 3414 renuo
597 3377 645 3414 eree
653 3374 733 3430 potest,
744 3371 863 3434 explicatio
871 3371 918 3430 ejua
925 3375 950 3417 et
958 3371 1078 3431 praecepta

211 3423 305 3472 faciendi
317 3427 449 3496 sequuntur:
466 3425 612 3488 videnturque
626 3437 653 3474 ea
663 3430 732 3476 verba
741 3429 831 3479 aliunde
844 3433 916 3478 numia
925 3439 980 3486 eane,
999 3427 1038 3475 nbi
1051 3427 1080 3473 de

211 3487 529 3546 argmentaboneremoert.

221 3623 227 3635 .
240 3566 262 3600 ⁶⁰
276 3563 482 3636 Wlfflin]
504 3561 552 3611 Mt·
562 3563 729 3638 R·.”i‘⁶'⁰.¹.¹⁴'5
739 3567 889 3640 quodlibraril
898 3582 943 3639 non
953 3569 995 3639 ert
1012 3565 1077 3613 Sinti-

209 3643 884 3748 m
