2436 4192
226 350 289 410 Μ
535 343 793 395 sorannarrurr

225 509 328 550 nerem
336 496 366 550 te
374 493 475 552 ardere
483 493 587 564 studio,
595 493 781 562 mecum,²ut
789 491 843 551 tibi
852 491 934 550 illem
944 491 1097 560 traderem,

226 591 323 666 egisti.
365 593 440 652 Cum
452 597 550 651 autem
563 610 618 668 ego
640 598 680 660 tc,
694 611 754 650 non
774 597 834 650 tam
854 591 971 650 vitandi
984 591 1097 648 daboris

227 691 286 749 mei
299 708 396 760 causa,
409 703 494 767 qnam
507 693 582 766 quod
595 691 627 749 id
640 697 691 749 tna
710 691 851 749 interesse
871 689 1037 758 arbitrarer,
1051 691 1097 746 vei

227 795 260 848 ut
273 808 324 848 eos
337 795 435 864 perte
455 791 517 864 ipse
538 793 659 865 legeres,
680 792 729 848 vei
750 793 782 848 ut
806 793 899 848 totana
919 789 1099 848 rationema

227 889 396 946 doctissimo
408 891 533 965 quodam
545 890 661 948 rhetore
674 889 832 963 acciperes,
847 889 977 946 horiebrs
990 905 1099 947 essem:

229 994 387 1064 utrumque,
410 992 442 1046 ut
462 1007 502 1046 ex
525 994 554 1046 te
576 988 737 1056 audiebam,
754 1005 786 1044 es
810 973 958 1061 expertus.
1003 987 1099 1044 Sede

230 1087 308 1146 iibris
323 1094 352 1145 te
365 1089 527 1148 obscuritas
540 1087 652 1161 rejecit.
691 1085 825 1145 ³Rbetor
844 1089 943 1144 antem
956 1083 1011 1144 iiie
1024 1101 1098 1160 mag·

229 1205 292 1256 nus,
307 1189 391 1256 baec,
404 1194 437 1246 ut
448 1189 560 1263 opinor,
577 1188 766 1248 Aristotelian
785 1206 818 1245 se
837 1187 971 1262 ignorare
986 1203 1100 1262 respon·

229 1286 282 1343 dit.
324 1287 411 1358 Quod
423 1288 541 1363 quidem
553 1287 674 1346 minime
694 1305 756 1352 eum
776 1287 943 1356 admiratus,
957 1303 1027 1345 eum
1041 1285 1101 1361 pbi-

111 1453 114 1460 p
229 1385 381 1457 losopbum
407 1387 515 1444 rhetori
536 1403 595 1444 non
622 1403 686 1444 esse
710 1385 868 1461 cognitum,
891 1385 942 1460 qui
969 1388 1009 1443 ab
1031 1385 1099 1460 ipsis

230 1481 419 1556 philosophis,
438 1488 552 1558 praeter
576 1485 731 1542 modum
754 1501 872 1559 paucos,
890 1482 1100 1560 *ignoraretnn

232 1580 344 1655 Quibus
357 1599 396 1640 eo
415 1581 510 1640 eninm
535 1573 747 1658 &radendam
768 1589 823 1652 est,
843 1585 920 1660 qnod
936 1601 1000 1643 non
1019 1585 1101 1642 nm

232 1683 316 1740 rebus
330 1681 376 1750 iis,
390 1699 463 1758 quae
477 1684 517 1740 ab
527 1681 579 1740 iilo
597 1682 695 1740 dietae
715 1686 747 1739 et
767 1683 910 1741 inventae
930 1687 1009 1751 eunt,
1024 1682 1101 1740 adici

233 1783 402 1849 debuerunt,
426 1782 478 1838 sed
502 1781 620 1839 dicendi
646 1797 759 1857 quoqne
786 1781 955 1840 incredibili
981 1783 1102 1857 quadam

234 1899 302 1938 cum
321 1881 415 1955 copia,
437 1885 499 1938 turn
519 1880 609 1940 etiam
630 1879 786 1938 suavitate.
827 1881 897 1938 Non
917 1879 1001 1955 potui
1020 1881 1104 1955 igitur

235 1981 298 2049 tibi,
311 1979 426 2054 saepius
439 1980 496 2037 boc
518 1979 641 2054 roganti,
655 1983 685 2036 et
708 1983 808 2036 tamen
832 1978 957 2046 verenti,
971 1995 1010 2036 ne
1035 1977 1105 2036 mibi

235 2080 333 2153 gravis
346 2097 434 2148 esses,
444 2077 545 2158 (facile
555 2064 635 2136 enirn
645 2077 677 2135 id
687 2073 865 2154 cernebem‚)
876 2077 983 2134 debere
991 2077 1107 2145 diutins,

194 2168 198 2173 ⁴
235 2197 275 2235 ne
287 2179 345 2251 ipsi
351 2179 425 2252 juris
436 2178 587 2250 interpreti
601 2177 663 2234 deri
675 2176 823 2234 videretur
831 2175 945 2249 injuriat
987 2175 1106 2236 Etenim

236 2292 304 2332 cnm
318 2280 348 2330 tn
363 2276 436 2332 mihi
445 2275 575 2348 meisque
594 2273 705 2332 ⁵muita
714 2293 802 2350 saepe
812 2274 986 2348 scripsisses,
996 2275 1105 2333 rer-ibis
1202 2255 1203 2286 ³

237 2391 310 2441 snm,
324 2391 371 2441 ne,
385 2371 412 2428 si
425 2390 482 2447 ego
493 2389 638 2448 gravarer,
654 2379 709 2431 aar
728 2375 873 2449 ingratum
895 2374 936 2442 id,
951 2380 1003 2433 ant
1016 2391 1108 2450 snper·

238 2477 307 2533 bum
320 2473 476 2548 videretur.
518 2473 589 2541 Sed,
601 2474 670 2531 dum
685 2474 791 2532 fuimns
810 2491 878 2543 nna,
892 2479 924 2534 tn
937 2475 1065 2550 optimus
1077 2491 1107 2532 es

240 2575 331 2643 testis,
345 2591 431 2650 qnam
445 2573 549 2632 inerim
560 2578 733 2648 occupatos:
755 2579 788 2632 ut
801 2578 927 2632 autema
938 2579 968 2632 te
978 2573 1108 2641 discessi,

240 2674 272 2730 in
287 2673 445 2732 Graeciam
457 2673 653 2748 proficiscens,
667 2672 734 2731 cuni
747 2686 836 2746 opera
849 2689 985 2736 menneo
996 2674 1110 2748 respub-

270 2831 283 2864 π
297 2797 425 2878 neaera
433 2829 558 2890 oasam]
589 2829 643 2876 Non
652 2812 782 2888 simonae
796 2827 921 2889 reprobes
929 2827 1110 2886 amanen.-

243 2891 281 2936 sed
290 2894 367 2936 tamen
380 2887 481 2950 rescripsi
495 2887 567 2945 iibrm,
577 2887 592 2934 i.
604 2885 750 2992 dsscrfflinam,
766 2885 951 2992 rationemfflae
967 2887 1110 2947 praecedunt,

242 2951 301 3010 quod
309 2948 367 3018 psibi
378 2963 465 3010 semper
480 2962 557 2996 renim
565 2946 637 2996 risum
676 2944 708 3004 't3
723 2958 828 3005 quonian
841 2945 866 2992 in
927 2944 987 2994 Ven.
1005 2949 1069 2994 inei.
1080 2944 1109 2992 sir

242 3021 381 3130 reiieiittebr
390 3087 463 3128 ardea
472 3082 511 3128 erre
524 3097 627 3140 magnus,
637 3083 697 3144 haer]
713 3095 742 3128 sc.
754 3095 820 3144 quern
831 3081 952 3130 Trebatius
962 3083 1110 3138 consuluerat,

243 3141 271 3186 de
279 3141 372 3186 eonsilio
381 3140 501 3187 Ciceronis
532 3141 596 3188 Haec
605 3141 668 3188 abest
677 3142 712 3188 ed
721 3140 781 3188 Ven.
794 3145 818 3187 et
825 3142 941 3188 commode
950 3142 1056 3189 abfuerit.

245 3217 292 3323 ‘ug'
297 3217 432 3321 ι’ἔςηθονιιιιτ]
463 3219 545 3280 Scripsi
553 3221 698 3278 igrwmreinr
704 3237 715 3279 ,-
729 3220 811 3282 pendet
824 3219 884 3267 enim
893 3235 907 3266 a
916 3220 1027 3281 perfeeto,
1038 3220 1110 3280 widi·

237 3373 241 3378 ·
274 3354 431 3411 irradiatam
479 3355 484 3368 ¹
512 3355 518 3367 '
559 3390 565 3401 .
606 3355 654 3402 Ma
664 3355 693 3404 V.
705 3357 821 3406 estavar
830 3357 1113 3416 Med.n1d,ea.nsbsaa

247 3413 350 3484 mvi⁸⁸i³5
372 3414 431 3483 qnod
444 3371 524 3459 eciem
581 3414 606 3470 it,
623 3415 662 3459 sed
676 3420 711 3462 est
726 3417 806 3476 glossa.
837 3417 917 3463 Cicero
935 3416 1040 3464 consulto
1055 3416 1114 3464 dedit

246 3487 371 3532 conpressa,
402 3487 440 3520 urs
454 3472 573 3532 respondet
587 3473 666 3519 nehus
681 3474 722 3520 rei.
759 3476 840 3522 Cicero
855 3489 900 3522 nnn
913 3479 1004 3522 recum
1019 3475 1114 3522 scriboee

247 3533 333 3596 Topica
350 3531 396 3580 Tre
412 3531 466 3588 atio,
482 3529 534 3591 quia
548 3529 666 3578 Trebatius
682 3548 749 3594 saepe
764 3533 877 3581 Ciceronis
894 3547 962 3587 musa
977 3532 1073 3595 scripsit
1091 3548 1113 3578 v.

246 3594 333 3698 Vicani}
343 3592 373 3638 ad
382 3591 430 3639 Cic.
441 3590 484 3653 Ep.
495 3589 525 3636 ad
536 3589 588 3638 Dir.
600 3589 653 3648 Vll,
665 3595 699 3639 le.
711 3591 749 3655 qui
757 3593 877 3651 scripsisses
888 3591 911 3639 in
926 3595 1006 3640 vetere
1015 3591 1115 3655 exempto

247 3667 322 3712 repen
332 3687 339 3699 .
