2436 4192
226 271 298 372 213¹
593 307 736 358 nasson„

224 469 279 510 nec
294 455 477 512 multosecus
488 454 660 530 gladiatores
675 456 809 516 videmus
823 457 896 516 nibil
908 477 965 518 nee
976 460 1097 520 vitando

223 551 319 608 lacere
333 558 433 620 caute,
448 571 503 610 uec
524 556 650 626 petendo
671 556 870 628 vehementer,
894 558 926 616 in
952 578 1012 635 quo
1040 579 1096 618 nen

223 656 318 708 motus
332 651 380 709 hic
395 653 499 709 lrabeat
520 655 693 726 palaestram
713 657 872 730 quandam:
894 661 935 725 ut,
955 658 1096 734 quidquid

223 748 256 806 ia
266 749 311 806 his
326 752 408 808 retius
420 750 470 807 liat
478 749 589 808 utiliter
599 754 636 809 ad
647 771 782 828 pugnam,
791 753 870 812 idem
881 757 918 812 ad
928 757 1098 830 adspectum

224 847 312 904 etiam
331 847 369 904 sit
393 851 556 906 venustum·
577 849 621 906 sic
644 851 738 908 oratio
758 871 814 910 nec
838 855 954 928 plagam
975 874 1096 930 gravem

225 945 303 1012 lacit,
315 945 371 1003 nisi
385 946 488 1020 petitio
500 947 555 1004 luit
566 953 648 1022 apta:
669 948 743 1007 lnec
767 951 837 1009 satis
859 957 940 1010 reete
965 955 1095 1012 declinat

225 1045 373 1116 impetum,
387 1045 444 1102 uisi
458 1045 546 1104 etiam
560 1044 747 1116 incedendo,
762 1049 829 1124 quid
852 1051 966 1118 deceat,
989 1053 1094 1110 intelli·

222 1142 274 1216 git.
305 1144 415 1218 ltaque,
428 1143 520 1218 qualis
528 1163 629 1202 eorum
641 1151 743 1214 motus,
754 1165 823 1223 quos
838 1175 995 1217 mammos
1007 1149 1094 1212 Grac-¹

222 1241 252 1298 ci
266 1248 383 1310 vocant,
397 1243 462 1298 talis
477 1244 578 1300 horum
596 1244 668 1301 mihi
693 1247 809 1304 videtur
832 1252 934 1319 oratio,
960 1254 1012 1327 qui
1036 1273 1094 1314 non

221 1339 359 1396 claudunt
373 1341 498 1400 numeris
518 1343 697 1400 sententias:
718 1343 914 1424 ¹⁰·tautumque
937 1354 1033 1422 abest,
1054 1360 1093 1421 ut,

220 1438 296 1512 quod
310 1436 342 1504 ii,
356 1437 405 1511 qui
419 1439 475 1495 hoc
489 1445 538 1497 aut
558 1441 756 1514 magistrorum
777 1445 886 1520 inopia,
908 1455 959 1506 aut
981 1451 1093 1525 ingenii

221 1535 365 1606 tarditate,
378 1541 427 1592 aut
451 1538 556 1594 laboris
580 1540 648 1614 luga
672 1559 730 1598 non
752 1550 820 1602 suut
841 1550 978 1617 assecuti,
998 1553 1092 1610 solent

220 1634 327 1703 dicere,
350 1641 506 1698 enervetur
522 1638 615 1695 oratio
638 1642 849 1714 compositione
875 1649 1041 1718 verborum,
1062 1654 1092 1707 ut

220 1732 305 1790 aliter
318 1731 348 1790 in
360 1751 394 1792 ea
410 1752 465 1792 nec
488 1734 611 1808 impetus
639 1740 722 1806 ullus,
746 1759 802 1798 nec
825 1743 869 1800 vis
897 1763 963 1802 esse
991 1747 1090 1821 possit.

167 1851 208 1910 09
221 1833 280 1890 Sed
304 1850 439 1906 magnam
466 1834 708 1894 exercitationem
735 1857 779 1895 res
805 1837 924 1916 flagitat,
953 1864 992 1902 ne
1022 1847 1091 1921 quid

219 1949 325 1997 eorum,
334 1929 382 2006 qui
391 1949 481 2005 genus
494 1933 549 1990 hoc
557 1934 650 1990 secuti
662 1954 719 1992 non
729 1941 993 2008 tenuerunt,simile
1004 1945 1092 2002 lacia-

217 2046 296 2098 mus;
317 2027 335 2060 ¹¹
347 2048 386 2087 ue
399 2035 448 2086 aut
462 2032 551 2088 verba
574 2032 749 2105 trajiciamus
773 2043 880 2110 aperte,
901 2059 958 2115 quo
980 2045 1087 2102 melius

218 2128 373 2194 anteactam,
393 2132 442 2182 ant
467 2131 602 2186 volvatur
624 2133 733 2189 oratio.
736 2137 829 2208 quod
851 2156 882 2194 se
907 2140 942 2197 L.
968 2142 1091 2200 Coelius

218 2221 428 2291 Anttipater,1n
443 2225 590 2292 prooemio
617 2227 686 2284 belli
702 2231 832 2302 Punici,
830 2235 889 2293 nisi
913 2243 1091 2311 necessario,

215 2317 356 2373 iacturum
371 2322 467 2390 negat
509 2319 824 2400 Ovirumsimplicem,
843 2331 924 2408 ¹²qui
946 2355 1000 2395 nos
1016 2341 1091 2400 nihil

216 2417 312 2474 eelet:
332 2415 502 2488 sapientem,
520 2419 569 2492 qui
588 2423 774 2484 serviendum
797 2433 966 2492 necessitati
986 2444 1089 2510 putet!

218 2515 277 2572 Sed
292 2515 341 2573 hic
361 2515 479 2576 omnino
506 2518 592 2590 rudis.
634 2522 727 2580 Nobis
751 2530 875 2592 autem'
867 2549 898 2588 sn
923 2534 1089 2606 scribendo,

215 2614 323 2688 atque'
315 2633 346 2671 sn
360 2612 486 2672 dicendo
499 2618 681 2677 necessitatis
696 2629 847 2685 excusatio
862 2647 921 2690 non
934 2637 1089 2706 probatur.

1200 3336 1201 3368 l

244 2767 506 2832 sesemet-medaea]
538 2771 631 2832 Vulgati
647 2780 715 2823 tecte.-
710 2781 789 2850 quod
805 2782 873 2830 adh
893 2785 908 2832 l.
927 2791 962 2834 est
979 2789 1086 2839 alienum.

215 2827 269 2889 quid
278 2830 338 2876 enim
347 2829 375 2876 ad
386 2830 490 2878 decorum
500 2831 568 2888 valet,
584 2839 610 2880 ut
619 2839 670 2880 tecte
686 2837 821 2886 declinemus
831 2841 960 2912 impetum?
974 2855 1034 2897 reru
1051 2851 1088 2898 lass

214 2883 268 2933 beat
277 2889 328 2935 edd
338 2888 402 2936 Med.
415 2889 474 2950 lips
486 2892 538 2937 Asc.
550 2894 642 2938 tecte
610 2899 642 2938 vr
643 2909 665 2940 ιο
675 2910 792 2956 operarum
804 2899 901 2962 irrepsit.
914 2905 961 2952 Ms
972 2907 1023 2954 vit.
1034 2915 1086 2956 tate.

243 2965 264 2996 ¹⁰
278 2969 533 3029 matcmqmcdcstut]
567 2970 596 3016 Vt
610 2972 671 3019 edidi
686 2987 727 3034 pro
744 2977 885 3049 uulgatum,
906 2985 966 3042 quod
977 2991 1012 3031 est
1022 2987 1088 3036 etm

213 3023 256 3068 hac
265 3025 336 3071 torma
345 3027 456 3087 loquendi,
465 3033 551 3074 tuntum
560 3029 625 3086 adem,
636 3031 673 3076 et
667 3047 689 3076 m
700 3033 741 3081 hac
748 3038 865 3096 sententia,
873 3040 982 3090 alienum.
996 3050 1085 3094 tantum

213 3080 282 3136 abest,
294 3087 343 3128 ut·
356 3090 499 3131 enervetur
509 3087 606 3132 oratio
621 3094 671 3136 at
679 3092 752 3149 cister
763 3099 805 3141 etr..

242 3157 261 3189 ¹¹
276 3165 382 3206 macto.
394 3165 422 3208 tr.
466 3163 525 3215 Quia
535 3165 620 3212 nullum
630 3167 691 3213 aliud
700 3175 741 3216 cut
759 3187 769 3218 s
770 3174 864 3234 equitur,
875 3177 1021 3228 Guilielmiun
1039 3199 1087 3232 eon

210 3213 259 3272 rige
259 3214 376 3264 balmas.
402 3157 454 3266 C]ur
462 3235 505 3267 non
513 3223 586 3290 otrus
595 3229 765 3286 transponendo,
776 3237 816 3279 aut
825 3237 869 3281 ael
883 3239 941 3297 quod
957 3241 1084 3309 rescripsis-

211 3287 264 3326 sem,
272 3272 312 3318 nisi
321 3279 396 3333 posset
405 3291 452 3322 esse
460 3238 534 3324 oratio
543 3285 692 3341 assumendae,
708 3293 800 3350 propter
810 3292 968 3352 longitudinem
985 3298 1085 3362 interpr>

210 3332 304 3389 n'tionis,
315 3341 371 3380 utc.
385 3339 421 3382 ld.
432 3337 481 3385 init
501 3345 589 3390 etcum
638 3352 685 3395 stea
705 3351 849 3399 deberet
816 3369 870 3411 ess,e
889 3363 929 3404 cat
944 3374 974 3405 ae
991 3375 1087 3410 numera

210 3393 326 3439 servientes
334 3392 557 3446 imposuerimus
566 3417 605 3449 aer
619 3421 639 3461 c,
651 3412 694 3454 etc.
705 3423 765 3455 nova
778 3413 848 3458 lomna
858 3415 921 3472 dixit,
939 3425 964 3463 et
981 3420 1014 3466 sic
1031 3423 1083 3469 alia.

210 3452 266 3499 dunt
276 3467 334 3499 emm
336 3455 438 3523 quatuor
446 3468 528 3510 genera
543 3460 656 3522 vitiorum,
678 3472 703 3512 ut
711 3468 771 3516 clare
780 3475 928 3532 patetetiue
945 3475 1011 3530 Quae
1031 3481 1086 3526 uitis

209 3511 375 3571 quiscgerit-
388 3527 653 3570 -geaercnumsrorum

238 3590 259 3622 ¹²
273 3590 313 3660 pm·
322 3591 498 3656 mamlsilcelet]
514 3611 556 3656 pro
562 3599 760 3654 cslntscnbendum
767 3608 815 3666 last,
822 3623 874 3671 qum
881 3611 960 3660 man
967 3618 992 3664 st
1002 3619 1078 3674 m:

212 3660 250 3694 sse
259 3648 319 3697 arim
329 3650 384 3700 lasse
394 3651 600 3715 discrepatamdrs
528 3658 707 3732 modupomnt·
