2474 4188
220 275 274 348 ,23'
303 333 312 340 ,
588 277 723 332 seusus.

226 445 312 504 quem
325 444 395 502 opus
408 427 524 504 aliquod
538 427 673 498 Daedali,
694 433 725 486 et
733 419 1012 500 Livisnee'isbulse‚
1034 443 1095 492 non

226 528 297 584 satis
323 527 439 602 dignae,
465 544 538 600 quse
572 526 676 584 iterum
710 528 852 602 legentur.
907 530 1005 603 Atque
1042 529 1092 586 hic

226 626 340 693 Livius,
354 625 402 700 qui
417 625 521 699 primus
536 625 671 694 tabulam,
686 625 725 683 0.
737 626 843 683 Clodio
868 625 959 683 Caeci
983 627 1044 684 filio
1066 631 1097 683 et

226 723 271 782 M.
287 723 436 782 Tuditano
449 724 623 790 consulibus,
636 723 744 791 docuit,
757 740 834 781 enno
847 723 920 796 ipso,
941 728 1096 800 antequem

225 827 310 880 natus
320 826 365 878 est
373 821 484 878 Ennius
495 840 503 890 3
517 826 580 894 post
591 821 713 880 Romam
722 821 869 879 conditam
879 826 975 878 nutem
984 830 1097 895 quento-
1129 869 1134 878 .

225 920 340 976 decimo
353 923 383 976 et
396 919 635 993 quingentesimo,
650 925 681 976 ut
694 919 742 976 bie
756 920 807 987 cit,
821 932 905 993 quem
929 936 980 976 nos
1004 919 1098 994 sequi·

224 1034 296 1075 mur.
338 1018 392 1075 Est
404 1017 483 1076 enim
497 1018 573 1074 inter
594 1017 746 1090 scriptores
760 1018 797 1074 de
816 1034 934 1074 numero
955 1033 1096 1075 annorum

224 1115 433 1173 controversis.
476 1115 576 1173 Attius
598 1121 712 1172 autem:
745 1116 781 1187 Q.
808 1115 941 1171 Maximo
964 1115 1097 1188 quintum

224 1217 343 1272 consule
362 1212 382 1244 ³⁸
391 1218 507 1287 ceptum
522 1213 654 1270 Torento
668 1213 782 1286 scripsit
793 1213 921 1279 Livium,
932 1212 1016 1270 annis
1032 1231 1096 1270 xxx

224 1315 298 1385 post,
311 1329 396 1385 quam
411 1329 476 1368 eum
487 1311 613 1367 sabulum
622 1311 758 1367 docuisse
769 1316 800 1367 el
812 1311 928 1367 Atticus
942 1311 1051 1377 scribit,
1064 1313 1097 1368 et

223 1427 277 1468 nos
304 1409 335 1468 in
362 1408 486 1483 antiquis
512 1409 726 1465 commentariis
753 1408 936 1465 invenimus:
957 1409 1092 1466 docuisse

224 1512 321 1564 sutem
333 1507 457 1564 fabulam
472 1506 555 1563 annis
570 1511 633 1579 post
646 1525 680 1562 xr
696 1506 731 1564 0.
747 1505 892 1573 Cornelio,
908 1506 945 1577 Q.
961 1506 1095 1563 Minucio

223 1605 397 1672 consulibus,
412 1604 485 1663 ludis
500 1605 676 1672 luventatis,
687 1621 756 1678 quos
770 1603 917 1662 Salinator
934 1601 956 1634 ³⁹
966 1604 1093 1661 Senensi

221 1703 335 1778 proelio
349 1689 479 1760 voverat.
522 1704 557 1759 ln
571 1720 627 1776 quo
642 1706 737 1759 tantus
751 1718 828 1758 error
840 1701 917 1760 Attii
925 1701 987 1768 luit,
1001 1707 1032 1759 ut
1046 1701 1094 1759 his

222 1800 389 1859 consulibus
408 1819 451 1858 xn
473 1817 563 1857 annos
585 1805 669 1857 natus
696 1799 808 1856 Ennius
831 1799 932 1856 suerit:
953 1800 1001 1856 eui
1025 1817 1094 1858 curn

222 1899 350 1974 aequalis
375 1898 461 1956 tuerit
486 1897 599 1965 Livius,
627 1897 720 1954 minor
746 1896 800 1954 fuit
820 1898 967 1972 eliquanto
984 1897 1019 1965 is,
1042 1898 1092 1973 qui

222 1998 329 2070 primus
342 1998 467 2055 iabulnm
480 1997 570 2065 dedit,
580 2014 666 2071 quem
682 1995 713 2065 ii,
733 1994 781 2070 qui
805 1998 908 2052 multas
933 1997 1092 2053 docuerant

171 2097 292 2159 liisnte
305 2099 357 2152 hos
370 2098 512 2160 consules,
526 2099 556 2150 et
578 2095 696 2152 Plautus
721 2099 751 2150 et
775 2093 915 2151 Naevius.
957 2094 1041 2151 Haec
1065 2093 1092 2152 si

222 2193 317 2250 minus
331 2192 544 2264 aptavidentur
558 2191 624 2247 huic
648 2190 783 2258 sermoni,
807 2192 906 2259 Brute,
931 2191 1033 2248 Attico
1046 2211 1091 2250 ss-

221 2289 314 2363 signe,
327 2289 376 2364 qui
390 2306 436 2346 me
450 2289 645 2346 inflammavit
658 2289 753 2346 studio
775 2289 927 2348 illustrium
941 2289 1090 2348 hominum

221 2392 331 2444 aetates
355 2392 386 2444 et
412 2392 540 2460 tempora
564 2387 760 2462 persequendi.
801 2388 866 2461 Ego
890 2406 969 2457 vero,
992 2387 1088 2463 inquit

222 2485 337 2552 Brutus,
351 2490 381 2542 et
393 2486 522 2542 delector
535 2486 590 2542 ista
603 2485 684 2559 quasi
698 2476 847 2543 notatione
870 2491 1038 2559 temporum,
1057 2492 1088 2546 et

221 2563 314 2650 adid,
336 2585 411 2657 quod
431 2582 591 2650 instituisti,
613 2589 755 2640 oratorum
776 2602 883 2657 genere
911 2583 1088 2658 distinguere

221 2682 372 2750 aetatibus,
388 2682 472 2738 istam
485 2681 667 2756 diligentiam
678 2699 741 2739 esse
750 2683 997 2740 accommodatum
1008 2687 1087 2756 puto.

221 2781 324 2849 Recte,
338 2781 463 2856 inquam,
477 2781 576 2849 Brute,
595 2780 751 2854 intelligis:
772 2785 857 2854 etque
871 2780 981 2837 utinam
992 2787 1087 2836 exsta·

219 2887 285 2938 rent
304 2880 355 2937 illc
374 2880 511 2946 carmina,
538 2896 610 2952 quae
637 2879 733 2936 multis
760 2878 883 2936 saeculis
910 2863 983 2935 ente
1005 2895 1087 2935 suam

220 2981 346 3034 aetatem
356 2978 387 3034 in
401 2979 492 3049 epulis
506 2994 569 3032 esse
583 2977 751 3033 cantitataa
765 2975 885 3049 singulis
896 2975 1033 3032 convivis
1046 2978 1084 3032 de

219 3077 361 3134 clerorum
387 3075 513 3131 virorum
539 3073 678 3141 leudibus,
701 3074 731 3138 in
757 3073 922 3148 Originibus
946 3073 1085 3148 scriptum

202 3221 206 3228 ¹
249 3227 271 3260 ³⁸
287 3231 375 3284 euplum
384 3226 498 3286 Torento]
531 3225 573 3273 Ed.
585 3225 651 3272 Med.
663 3227 714 3272 Asc.
725 3231 784 3281 conto
801 3225 857 3273 Tor.
873 3240 952 3287 nempe
998 3225 1021 3271 ie
1037 3239 1085 3282 mo

220 3290 269 3334 urm
293 3285 388 3332 romu
417 3288 564 3332 nonreetum
583 3285 706 3330 videbatur.
738 3285 881 3332 scribendum
900 3285 957 3331 forte
1001 3287 1085 3331 arenti.

219 3345 265 3392 Sed
275 3345 387 3402 vulgatum
396 3343 448 3390 terri
457 3358 520 3404 posse
532 3343 627 3398 videtur,
635 3357 676 3404 pro
685 3349 773 3404 ceptum
783 3359 796 3390 e
805 3345 912 3392 Tarento.
929 3359 951 3390 v.
971 3343 1000 3389 nd
1016 3342 1083 3389 Verr.

220 3403 262 3460 Ν,
269 3406 304 3451 so.

219 3483 272 3594 teg*
285 3479 376 3530 Senem·
382 3480 481 3542 proelio]
512 3478 625 3528 Victorius
634 3478 728 3538 conjecit
735 3478 861 3529 Summitti.
879 3493 923 3528 non
937 3479 1012 3543 placet
1027 3476 1086 3526 Gru-
