2444 4194
476 351 619 427 ‘’Rim-
931 365 991 424 rss
1012 411 1016 418 .

121 505 190 561 bum
210 502 246 558 ab
265 499 311 558 his
334 498 424 558 etiam
445 499 476 558 in
498 501 709 558 sententiamm
721 506 992 564 ornamentatrans·
1081 521 1083 526 ’

122 596 235 677 lertur,)
256 599 375 686 adhibet
396 597 512 674 quidem
534 599 584 656 hic
598 599 722 667 subtilis,
735 596 834 676 (quem
848 601 905 658 nisi
917 604 993 675 quod

123 701 226 766 solum,
246 698 415 772 ceteroquin
432 695 540 755 ⁵⁰recte
563 698 680 772 quidam
703 704 813 756 vocant
836 697 993 778 Atticum)

122 799 175 854 sed
188 799 286 871 paullo
308 796 431 871 porcius.
472 795 493 828 ⁰⁰
503 797 590 864 Nam,
611 797 686 856 sicut
699 797 731 855 in
745 799 895 872 epularum
908 815 994 870 appa·

39 901 41 906 '
122 901 195 964 ratu,
210 913 227 952 a
244 895 461 970 magnificentia
474 896 624 962 recedens,
641 913 699 952 non
714 913 878 970 separaum
891 899 994 964 solum,

123 996 175 1052 sed
189 995 279 1052 etiam
293 996 458 1068 elegantem
472 993 568 1051 videri
587 995 684 1063 volet3
705 995 804 1068 eliget,
817 996 920 1070 quibus
933 1000 994 1052 uta·

119 1106 175 1151 tur.
217 1092 237 1126 ⁶¹
251 1095 325 1151 Sunt
346 1092 425 1150 enirn
444 1096 598 1166 pleraeque
622 1097 707 1166 aptae
726 1093 810 1166 hujus
830 1093 919 1166 ipsius
933 1111 994 1152 ora·

121 1191 201 1260 toris,
215 1193 252 1250 de
265 1210 320 1270 quo
334 1194 444 1267 loquor,
462 1191 664 1263 parsimoniae.
704 1191 783 1248 Nam
802 1190 863 1259 illa,
884 1193 922 1247 de
934 1191 994 1266 qui·

122 1291 173 1348 bus
185 1296 253 1349 ante
267 1289 340 1358 dixi,
361 1289 430 1348 huic
444 1295 530 1346 acuto
544 1289 681 1364 fugienda
695 1295 770 1358 sunt,
784 1289 864 1362 paria
878 1289 993 1364 paribus

121 1393 223 1458 relata,
245 1395 276 1448 et
297 1388 430 1446 similiter
450 1390 597 1457 conclusa,
611 1390 769 1462 eodemque
783 1393 869 1462 pacto
888 1390 993 1446 eaden·

122 1487 186 1546 tia:
208 1493 239 1544 et
255 1488 455 1544 immutatione
476 1487 590 1544 litterae
615 1487 697 1562 quasi
715 1487 862 1562 quaesitae
887 1505 992 1546 venus-

120 1592 216 1656 tates3
236 1603 273 1642 ne
284 1587 428 1644 elaboratu
438 1587 630 1655 concinnitas,
641 1591 671 1644 et
682 1588 826 1662 quoddam
839 1587 992 1660 aucupium

120 1684 327 1744 delectationis
342 1684 492 1742 manifesto
505 1687 718 1758 deprehensum
728 1689 876 1758 appareat.
905 1685 992 1742 item-

123 1800 179 1860 que
203 1782 230 1840 si
248 1799 321 1858 quae
343 1785 496 1840 verborum
517 1782 688 1840 iterationes
709 1782 929 1840 contentionem
941 1783 994 1840 sli-

121 1899 218 1958 quam,
232 1886 263 1940 et
275 1884 434 1938 clamorem
448 1880 603 1954 requirent,
617 1885 701 1938 erunt
721 1883 758 1938 ab
783 1882 838 1938 hac
864 1879 994 1938 summis·

121 1980 206 2038 sione
219 1978 359 2036 orationis
370 1978 500 2034 alienae:
521 1978 626 2034 ceteris
641 1978 801 2050 promiscue
815 1979 921 2050 poterit
934 1976 993 2048 utir

119 2076 141 2111 ’Β
150 2075 403 2134 continuationem
421 2075 573 2132 verborum
587 2075 673 2134 modo
687 2077 807 2157 relaxet,
829 2080 859 2132 et
872 2075 994 2144 dividat,

120 2178 275 2249 utaturque
293 2173 390 2230 verbis
418 2175 502 2248 quain
530 2171 733 2240 usitatissimis,
758 2173 994 2252 translationibus

122 2291 209 2352 quam
230 2272 423 2330 mollissimis:
453 2271 542 2330 etiam
566 2271 617 2332 illa
643 2273 856 2331 sententiarum
884 2273 993 2332 lumina

122 2378 258 2440 assumat,
270 2390 344 2447 quae
358 2389 416 2430 nou
436 2377 521 2429 erunt
541 2373 731 2430 vehementer
749 2372 880 2432 illustria.
922 2373 992 2431 Non

120 2471 211 2530 laciet
222 2469 429 2544 rempublicam
444 2473 619 2545 loquentem,
633 2486 689 2526 nee
703 2469 852 2544 ablinleris
865 2477 992 2528 mortuos

122 2570 272 2637 excitabit,
287 2586 342 2626 nec
356 2567 516 2625 acervatim
527 2569 616 2624 multa
630 2559 824 2640 frequentans,
843 2585 901 2625 una
915 2585 994 2626 com·

122 2667 260 2742 plexione
268 2665 428 2723 devinciet.
469 2663 673 2722 Valentiorum
687 2665 760 2722 haec
775 2667 895 2738 laterum
916 2673 993 2733 sunt,

124 2784 179 2826 nec
201 2768 238 2824 ab
259 2767 326 2832 hoc,
340 2780 426 2837 quem
439 2761 634 2828 informamus,
658 2767 707 2818 aut
720 2765 927 2834 exspectanda,
943 2771 994 2824 aut

121 2865 303 2941 postulanda.
324 2863 379 2920 erit
392 2859 472 2918 enim
484 2864 515 2917 ut
529 2873 613 2926 voce,
627 2857 670 2916 sic
684 2858 773 2916 etiam
786 2859 916 2916 oratione
929 2877 993 2936 sup-
1082 2842 1085 2850 ’

150 3020 172 3054 ⁵⁰
185 3017 359 3078 rectequidam]
386 3011 427 3084 'ste
451 3028 477 3060 ro
525 3013 531 3025 ⁸
582 3011 676 3058 ‚illisa
689 3025 747 3117 quos
762 3025 829 3082 saepe
849 3013 992 3073 reprehendit

118 3077 351 3134 Ciceromonomnes.
368 3076 405 3121 sie
443 3074 465 3120 d.
499 3071 679 3120 en.Med.Ald.
705 3071 922 3133 ancupatlryph.

147 3157 170 3190 ω
186 3154 330 3218 bamam]
362 3151 482 3199 samm
496 3137 789 3211 mampsrunecrypa.
822 3150 992 3208 amessa

119 3231 150 3274 sp.
162 3229 204 3262 noe
213 3215 256 3260 hoe
263 3213 331 3259 male.
363 3212 388 3258 ln
397 3211 489 3270 vulgata
498 3210 697 3270 interpungendum
707 3213 757 3270 post
766 3208 835 3266 Num,
844 3215 869 3256 ut
878 3209 974 3262 isumus.

147 3293 168 3328 ss
182 3293 243 3340 sum
252 3291 311 3338 caim
322 3289 583 3350 paraqceapamteq
614 3287 718 3344 Nonest,
735 3301 779 3348 quo
793 3289 990 3347 referaturplerac·
1033 3347 1058 3356 Ι,
1128 3339 1131 3346 ,

122 3377 171 3422 qne.
202 3360 303 3407 Pertinet
312 3363 387 3405 autem
398 3360 440 3404 boe
452 3361 524 3404 totum
534 3357 563 3403 ad
572 3355 612 3401 illu
622 3366 743 3424 ryqnp'ssrs.
763 3356 854 3462 'ltaque
866 3358 908 3405 scri
948 3359 990 3406 rim

115 3423 220 3480 pleraque
229 3423 291 3476 apta:
305 3417 372 3479 idque
389 3419 477 3463 firmam
490 3413 622 3476 sequentia,
638 3413 746 3460 manuelis
761 3415 816 3462 rutel
827 3417 893 3476 igere
916 3473 917 3478 ¹
951 3429 999 3474 rue,
1014 3471 1016 3477 Α

118 3478 319 3537 exversogrseco.
925 3535 927 3540 Ι

121 3557 267 3664 natantis.
279 3555 404 3618 o.-rslcset]
420 3552 436 3601 i.
446 3567 467 3602 e.
478 3551 712 3616 interponatmembrs
726 3552 822 3613 periodis
838 3557 862 3601 et
877 3548 997 3600 breviores
1059 3545 1063 3554 '
