2474 4188
511 248 646 316 mmm.
849 237 853 242 ’
982 263 1006 331 ’ς

143 417 304 472 nostratum
327 417 360 473 et
382 414 578 474 communium
604 411 789 490 gravissimos
814 427 906 482 mma,
932 411 1007 472 nihil
1072 411 1076 424 '

141 516 210 570 aute
231 513 386 586 epistolam
406 512 490 572 Bruti
503 514 575 571 milri
595 511 714 579 accidit,
734 512 810 586 quod
822 513 938 578 vellem,
957 513 1008 574 aut

139 611 217 684 quod
237 611 336 686 aliqua
356 629 396 670 ex
418 617 499 686 parte
521 610 734 670 sollicitudines
755 611 898 668 allevaret
917 625 1006 666 meas.

142 706 222 764 Tum
237 709 353 778 Brutus,
367 709 458 767 Volui
476 709 507 768 id
520 710 635 785 quidem
648 708 763 768 efficere
777 713 868 776 certe,
880 713 911 765 et
923 707 1009 781 capio

19 789 20 794 ἵ
141 821 279 882 magnum
292 807 425 876 inactum,
442 809 468 864 ei
484 807 601 883 quidem
620 809 696 882 quod
716 807 805 876 volui,
825 810 907 864 tonte
925 806 957 864 in
977 823 1009 864 ra

73 973 78 988 ,
129 909 316 994 pousecutus
339 923 410 964 sum.
447 908 513 966 Sed
537 907 612 964 scire
635 907 730 980 cupio,
754 923 827 980 quae
854 909 883 962 te
912 903 1009 962 Attici

138 1001 256 1062 litterae
282 1005 504 1063 delectaverint.
545 1007 625 1064 Istae
648 1021 729 1071 vero,
754 1004 882 1079 inquam,
907 1003 1008 1070 Brute,

138 1117 199 1158 non
219 1104 308 1162 modo
327 1103 553 1161 delectationem
566 1103 648 1170 mihi,
671 1103 723 1160 aad
742 1101 841 1170 etiam,
864 1105 897 1158 ut
915 1117 1009 1174 spero,

136 1200 264 1258 salutem
284 1203 450 1270 attuleruut.
492 1199 645 1260 Salutem?
671 1198 765 1277 inquit
784 1199 844 1258 ille.
864 1199 1010 1275 qrrednam

139 1298 261 1356 tandem
280 1316 371 1372 genus
385 1301 460 1358 istuc
480 1305 541 1358 tani
560 1301 739 1374 praeclsnrm
751 1298 910 1358 litterarum
931 1293 1009 1355 tuit?

140 1395 193 1451 An
208 1395 282 1454 mihi
300 1397 403 1470 potuit,
422 1398 548 1473 inquam,
566 1415 630 1456 esse
643 1403 693 1456 aut
713 1397 819 1472 gratior
831 1397 891 1454 ulla
904 1397 1009 1453 soluta·

138 1490 193 1558 tio,
214 1497 266 1549 aut
278 1496 315 1550 ed
336 1496 392 1552 hoc
413 1501 525 1570 tempus
539 1497 641 1570 aptior,
656 1512 742 1570 quam
761 1495 838 1552 illius
858 1493 934 1561 libri,
952 1509 1009 1567 quo

139 1605 192 1648 me
207 1589 257 1646 hic
269 1592 380 1662 otiatus,
401 1594 483 1667 quasi
496 1595 647 1666 jacentem
660 1590 827 1651 excitavit?
849 1592 929 1650 Tum
947 1591 1009 1660 ille,
1076 1573 1080 1581 ⁵

139 1685 259 1761 Nempe
281 1707 349 1746 eum
374 1689 458 1759 dicis,
485 1691 588 1765 inquit,
614 1709 670 1766 quo
696 1691 752 1748 iste
775 1707 891 1748 omnem
914 1704 1009 1748 rerunt

136 1789 312 1844 memoriam
333 1789 470 1856 breviter,
494 1793 534 1856 et,
554 1794 586 1846 ut
606 1789 679 1846 milri
701 1788 816 1863 quidem
838 1788 933 1846 visum
954 1793 1010 1857 eet,

112 1947 114 1952 ¹
137 1882 352 1966 perdiligenter
370 1888 541 1958 complexus
561 1884 629 1943 est?
651 1888 742 1942 latum
761 1885 864 1959 ipsum,
882 1886 1011 1958 inquam,

136 1976 250 2046 Brute,
263 1979 332 2036 dico
346 1981 450 2036 librum
462 1983 535 2061 mihi
551 1982 748 2038 salutiluisse.
789 1983 870 2038 'l'um
885 1982 1041 2050 Atticus,4
1116 1993 1125 1998 ‘

138 2078 367 2154 Optatissimum
387 2077 458 2134 milri
473 2077 588 2152 quidem
609 2080 748 2153 estquod
768 2077 858 2136 dicis:
879 2079 929 2136 aed
943 2079 1013 2154 quid

140 2179 265 2236 tandem
285 2175 385 2234 habuit
405 2177 479 2234 liber
499 2177 570 2245 iste,
584 2178 659 2251 quod
678 2177 731 2246 tibi
752 2181 802 2234 aut
822 2194 941 2246 novum,
961 2182 1011 2238 aut

141 2281 228 2335 tauto
254 2274 318 2332 usui
337 2269 435 2348 posset
457 2272 542 2332 esset
565 2277 620 2332 llla
638 2292 709 2350 pero
722 2279 755 2332 et
770 2291 856 2343 nova,
882 2275 1012 2350 inquam,

142 2375 217 2433 milri
236 2373 352 2449 quidem
366 2367 465 2441 multa,
485 2378 515 2430 et
528 2389 600 2434 eam,
606 2373 770 2442 utilitatem,
790 2390 875 2449 quarn
888 2374 1010 2448 require·

142 2475 221 2544 bom,
241 2476 283 2539 ut,
303 2471 457 2544 explicatis
476 2471 624 2529 ordinibus
638 2475 806 2544 temporum,
826 2487 885 2528 uuo
896 2471 928 2530 in
941 2487 1010 2530 coa·

142 2575 246 2648 speetu
266 2569 364 2627 omnis
388 2549 536 2626 viderem:
558 2587 631 2644 quae
652 2586 719 2626 cum
738 2567 866 2626 studiose
886 2573 1011 2628 tractare

145 2667 316 2742 coepissem,
328 2667 393 2740 ipss
403 2657 622 2726 mihi'traotatio
634 2667 793 2726 litterarum
805 2667 939 2724 salutaris
947 2667 1011 2736 tuit,

144 2765 360 2841 admonuitque,
380 2763 533 2838 Pomponi,
552 2766 584 2820 ut
596 2780 615 2820 a
628 2768 657 2821 te
671 2764 735 2838 ipso
747 2781 889 2830 sumerem
901 2764 1012 2839 aliquid

145 2865 183 2921 od
196 2881 244 2920 me
257 2863 455 2930 reficiendum,
470 2865 556 2936 teque
566 2861 815 2928 remunerandum,
828 2861 854 2918 si
868 2877 927 2918 non
940 2863 1011 2935 peri,

146 2968 178 3020 at
190 2967 273 3038 grato
291 2967 390 3020 tamen
408 2977 544 3018 munere:
565 2943 739 3036 quamquam
756 2957 827 3016 illud
841 2948 1012 3022 Hesiodium

147 3061 310 3119 laudatura
323 3058 425 3127 doctis,
439 3060 514 3134 quod
528 3059 631 3118 eadem
644 3073 777 3116 mensura
790 3059 909 3116 reddere
917 3059 1011 3134 jubet,

147 3176 205 3235 qua
217 3156 375 3230 acceperis,
389 3161 438 3214 eut
451 3157 539 3215 etiam
558 3155 755 3226 cumulatiore,
768 3157 794 3216 ei
806 3156 907 3232 possis.
946 3159 1012 3236 Ego

149 3251 247 3316 autem
268 3253 467 3314 ‘voluntatem
489 3254 542 3313 tibi
562 3253 692 3330 prolecto
712 3255 851 3316 emetiar:
876 3257 928 3314 sed
951 3275 1012 3318 rem

180 3408 338 3456 ⁴mlnctutem
353 3413 369 3455 t.
384 3407 491 3470 motion]
522 3409 625 3471 Speciosa
642 3412 677 3456 est
690 3407 751 3457 Rivii
768 3413 793 3455 et
806 3407 887 3457 lamb.
906 3407 1014 3454 conantio

150 3465 261 3523 mmor,
271 3465 323 3528 quia
331 3467 361 3514 de
367 3467 515 3514 reddendoso
524 3468 684 3516 remunerando
692 3483 764 3516 sermo
772 3467 822 3515 tuit.
838 3465 883 3514 Sed
893 3465 922 3512 de
931 3480 956 3512 re
965 3466 1015 3512 red·

151 3523 225 3572 denda
239 3529 290 3571 erat
304 3536 384 3584 termo,
401 3540 444 3574 noo
458 3527 487 3571 de
501 3527 624 3584 voluntate,
639 3531 666 3574 ut
681 3527 724 3576 1111.
756 3527 834 3586 ltaque
844 3523 958 3582 vulgatum
971 3535 1015 3572 non

150 3580 225 3643 inepte
238 3588 298 3629 sture
312 3597 376 3644 porra
384 3583 491 3636 videatur.

186 3661 260 3704 uon.
280 3661 329 3702 ru.
606 3641 653 3701 2*
