2444 4194
495 365 638 416 ustrou
930 371 991 436 151

115 516 258 594 quaedam
278 515 369 574 etiam
382 515 563 590 negligentia
583 519 629 572 est
642 513 779 590 diligens
800 530 869 573 nam
889 522 922 574 ut
934 533 994 577 mn·

114 617 201 676 lieres
215 633 280 674 esse
294 616 430 674 dicuntur
443 617 605 674 nonnullae
618 615 782 684 inomatae‚
795 611 896 690 ”quas
909 615 940 672 id
952 615 996 688 ip-

117 734 181 774 sum
193 717 317 774 deceat:
345 698 389 772 sio
408 715 483 772 bueo
507 713 622 772 subtilis
640 714 735 773 oratio
753 714 844 772 etiam
867 713 997 771 incomta

117 817 257 873 delectat.
299 814 351 873 Fit
364 814 444 872 enim
458 813 595 888 quiddam
607 809 627 846 ⁵¹
635 813 810 888 inutroqne,
824 830 881 887 quo
894 812 934 869 sit
947 827 998 868 va·

119 915 242 984 nustius,
256 915 308 971 sed
329 931 388 971 non
400 920 432 972 ut
445 917 592 988 appareat
635 911 715 970 'l'um
729 911 926 970 removebitur
938 925 998 967 om-

119 1013 166 1072 nis
191 1011 317 1088 insignia
341 1017 469 1080 ornatus,
490 1011 574 1086 quasi
596 1011 822 1084 margaritarum.
856 1027 894 1067 ne
920 1010 999 1067 oala·

118 1111 215 1170 mistri
238 1111 356 1188 quidem
376 1111 601 1169 adhibebuntur.
651 1109 760 1167 Fuoati
778 1125 850 1166 vero
872 1107 999 1166 medica·

121 1216 222 1269 menta
235 1211 369 1270 candoris
384 1215 415 1268 et
427 1209 547 1277 ruboris,
560 1206 659 1266 omnia
672 1211 862 1283 repellentur:
883 1209 1000 1282 elegen·

122 1309 163 1368 tia
177 1312 282 1379 modo,
293 1315 323 1368 et
338 1308 482 1368 munditia
504 1308 676 1366 remanebit.
719 1309 820 1366 Sermo
834 1325 919 1381 purus
932 1307 999 1379 erit,

120 1407 302 1468 etLatinua:
322 1407 451 1466 dilucide
477 1409 622 1482 planeque
646 1407 774 1466 dioetur:
796 1407 864 1482 quid
883 1407 998 1464 deceat,

120 1507 383 1578 circumspiciatur.
393 1519 407 1536 ⁸
422 1507 522 1565 Unum
535 1507 637 1575 aderit,
658 1507 735 1584 quod
754 1511 886 1583 quartum
900 1525 998 1566 nume·
1008 1513 1052 1576 24

82 1631 84 1634 ·
121 1609 170 1664 rat
185 1605 405 1679 Theophrastus
419 1604 450 1662 in
463 1606 603 1664 orationis
617 1605 758 1674 laudibus,
768 1589 902 1664 ornatum
915 1606 1000 1675 illud,

121 1722 216 1762 suave
243 1709 274 1762 et
295 1706 431 1762 afluens:
460 1710 563 1762 acutae
585 1705 760 1778 crebraeque
773 1705 999 1780 sententiaepo·

124 1809 241 1872 nentur,
255 1809 286 1861 et
299 1804 399 1862 neseio
411 1805 488 1862 unde
503 1822 541 1862 ex
556 1802 657 1860 abdito
669 1807 778 1871 erutae,
790 1807 876 1877 atque
889 1803 922 1860 in
942 1805 1001 1862 boo

124 1908 240 1961 oratore
257 1903 493 1960 dominabuntur.
535 1901 729 1958 verecundus
753 1901 809 1960 erit
829 1919 896 1960 usus
909 1907 1001 1959 orato·

123 2001 186 2060 riae
201 2001 285 2075 quasi
298 1998 502 2072 supellectilis.
543 1999 686 2073 Supellex
707 2003 752 2056 est
775 2000 855 2058 euim
868 2001 1002 2075 quodam-

123 2100 214 2158 modo
226 2102 332 2167 nostra,
353 2113 428 2172 quae
448 2095 536 2154 estin
550 2097 737 2166 ornamentis,
755 2097 814 2155 alia
826 2115 929 2166 rerum,
942 2098 1001 2157 alla

126 2199 293 2256 verborum.
334 2197 460 2254 Ornatus
474 2201 571 2253 autem
593 2198 755 2265 verborum,
778 2198 906 2272 duplex:
926 2213 1001 2256 unus

125 2295 313 2370 simplicium,
342 2297 417 2353 alter
439 2297 655 2353 oollooatomm.
705 2296 838 2370 Simplex
865 2299 1001 2372 probatur

124 2393 186 2453 ⁵⁵in
201 2395 321 2470 propriis
344 2393 513 2470 mitellaque
536 2395 644 2463 verbis,
667 2397 744 2470 quod
766 2401 816 2453 aut
828 2397 939 2470 optime
954 2414 999 2454 ao·

127 2500 187 2562 nat,
200 2497 250 2551 aut
263 2511 324 2550 rem
335 2493 460 2550 maxime
468 2495 609 2566 explanat
620 2513 627 2548 :
647 2493 680 2550 in
691 2493 805 2560 alienis,
816 2501 866 2550 aut
877 2493 900 2526 ὓ
910 2500 1008 2566 ῑηιιιε·ἱ

127 2593 227 2660 latum,
247 2597 297 2650 aut
310 2595 434 2648 sumtum
448 2590 574 2658 aliunde,
588 2597 620 2648 ut
633 2595 749 2649 mutuo:
770 2595 821 2649 aut
833 2591 941 2650 laetum
962 2591 1000 2651 ab

156 2745 372 2808 iiqamidipauoa
414 2741 998 2800 ownebdsderealdnsetsunaarmineda

126 2810 231 2912 &efflet
250 2805 350 2910 laeffi'tqg
361 2801 519 2921 seffitff'vss
535 2805 610 2906 mugi
617 2801 1002 2930 wiegmmffiaffilssffi

127 2922 227 2970 bedentis
238 2936 281 2968 nou
291 2926 349 2967 esset
358 2921 476 2982 perlectus,
486 2918 647 2980 legendumque
657 2918 722 2975 toret,
737 2918 870 2974 mammas,
880 2923 919 2964 ant
929 2919 1002 2967 armile

128 2983 189 3044 quid.
222 2980 270 3027 ll‘ls.
282 2981 311 3027 V.
323 2979 460 3039 habetquna

158 3061 181 3096 ὅ*
195 3063 223 3107 ia
231 3060 331 3119 utroque]
349 3058 372 3105 in
382 3063 496 3105 manento
505 3061 529 3102 et
544 3055 638 3114 minuto,
653 3053 700 3102 sire
708 3055 732 3102 in
746 3054 841 3102 muliere
854 3061 879 3102 et
892 3057 1000 3107 oratioue.

128 3135 171 3181 qno
181 3121 210 3167 sit
219 3119 333 3166 venustius
343 3133 371 3164 sc.
383 3123 506 3178 utrumque.

160 3200 181 3233 ⁵⁵
197 3196 504 3257 iamqmtum'a]
535 3194 633 3246 Omnino
646 3193 681 3240 bie
698 3194 759 3241 loona
778 3192 858 3244 vitiosa
876 3195 1002 3259 interpone-

128 3259 191 3306 tione
200 3255 319 3311 laboravit,
326 3269 393 3318 quam
402 3269 441 3302 nos
450 3253 589 3302 oorrerimus.
621 3253 707 3312 Vulgo:
719 3253 829 3310 explanet.
858 3255 985 3306 Inotiem'a

158 3339 182 3372 sa
197 3337 338 3390 ammineum,
348 3332 497 3392 estfactum}
523 3331 935 3392 Sinednbiolegendumestaumlum
948 3335 1003 3396 qula

129 3397 230 3459 nequitur
248 3399 275 3442 ut
289 3398 381 3441 mutuo:
396 3392 434 3438 sed
453 3397 531 3438 mutuo
546 3391 634 3438 nonsit
652 3393 682 3438 ali
698 3392 745 3450 uid,
762 3393 802 3440 sed
821 3393 926 3442 sumitur:
943 3393 1003 3440 unde

129 3451 279 3503 namatium
294 3453 411 3500 amborum
427 3466 497 3520 supra¹
502 3452 542 3498 Or.
555 3451 595 3504 ΙΙΙ,
606 3452 641 3498 38,
663 3407 715 3498 loir.
727 3467 746 3498 e.
758 3455 793 3499 62.
805 3454 899 3500 verbum
907 3467 921 3496 o
931 3447 1003 3496 dandi

117 3515 241 3564 saunari.
276 3513 312 3559 Sic
326 3513 349 3561 iu
367 3513 409 3557 line
418 3522 466 3570 cap.
478 3525 498 3556 u
511 3523 546 3555 rea
557 3511 649 3556 nudum
662 3509 820 3567 lmbetnom,
835 3509 927 3556 docusda'
937 3519 1004 3554 cauta

130 3579 229 3626 pentum
236 3573 333 3618 addar.
350 3569 437 3618 Vitium
446 3571 518 3616 orbam
528 3582 541 3616 e
550 3573 664 3630 sequente,
674 3569 807 3629 estfactum
816 3567 905 3625 abipso.
924 3565 1003 3627 ltaque

132 3647 179 3681 Ιοι
186 3629 296 3687 dubitavi,
305 3630 338 3678 aie
347 3628 462 3688 arrigere.
