2444 4192
341 337 534 389 undosius
549 337 771 389 ambitiones.
819 391 823 398 ,
929 339 991 408 287

125 485 260 560 patiebar,
285 487 323 544 de
346 487 468 550 scamnis
489 487 544 544 erit
567 493 598 546 el
620 487 806 546 facultatibus
829 487 992 548 dicendum.

124 589 228 658 postea
240 585 277 642 de
291 585 418 658 eorporis
431 585 531 654 bouis3
551 585 583 642 in
596 586 699 660 quibus
710 585 837 660 quidem,
849 601 924 660 quae
937 586 993 644 vir·

123 686 216 740 talem
244 681 371 742 maxime
398 683 553 760 significat,
576 683 724 742 facillime-
737 685 831 742 forma
853 685 993 752 laudatur.

123 780 243 838 Deinde
255 786 300 838 est
323 783 360 838 ad
384 782 462 838 iacta
484 783 673 850 veniendum,
694 799 813 857 quorum
837 782 995 841 collocatio

123 879 232 954 triplex
244 885 307 937 est:
328 886 377 938 aut
390 880 470 938 enim
483 885 644 954 temporum
665 883 825 940 servandus
850 885 896 939 est
915 881 995 948 ordo,

124 986 176 1036 aul
201 979 347 1051 inprimis
370 979 602 1044 recentissimum
622 981 753 1055 quodque
766 979 932 1046 dicendum,
945 982 995 1036 aut

123 1077 216 1136 multa
228 1081 259 1134 et
277 1075 380 1136 ⁸vania
390 1078 471 1134 iacto
482 1077 515 1134 iu
528 1077 648 1150 proprie
656 1078 795 1135 virtulum
808 1095 915 1152 genera
928 1082 995 1136 eunt

122 1174 285 1249 dirigenda.
328 1175 459 1233 Sedbie
484 1177 564 1232 locus
587 1175 725 1233 virtutum
752 1181 836 1250 atoue
858 1175 994 1234 vitiorum

16 1345 19 1352 γ
121 1272 263 1330 latissime
284 1277 397 1346 patens,
412 1291 451 1330 ex
464 1272 561 1330 multis
584 1278 616 1330 el
641 1275 728 1332 variis
741 1274 993 1348 disputationibus

121 1389 203 1430 nuuc
217 1371 249 1428 in
257 1373 399 1446 quandum
414 1376 565 1446 angustam
588 1387 618 1430 et
639 1375 757 1430 brevem
776 1371 991 1432 ⁹concludetur.

122 1471 179 1528 Est
190 1469 276 1543 igitur
289 1470 335 1526 vis
349 1455 463 1528 virtutis
477 1471 594 1544 duplex.
609 1476 657 1528 eut
667 1471 751 1530 enim
765 1471 890 1530 scientia
899 1473 992 1530 cerni-

122 1567 284 1632 turvietus,
296 1572 346 1626 aut
358 1568 483 1627 actione.
526 1569 615 1635 Nam,
637 1587 711 1641 quae
735 1571 897 1644 prudentia,
918 1586 992 1642 quoe

120 1665 277 1733 calliditas,
286 1683 415 1741 quaeque
429 1666 600 1740 gravissimo
608 1667 726 1722 nomine
740 1665 886 1738 sapientia
894 1669 991 1739 appel-

117 1767 208 1833 latur,
231 1766 305 1823 haee
327 1765 453 1823 scientie
475 1765 565 1836 pollel
588 1780 655 1820 una
697 1762 779 1835 Quae
804 1780 875 1820 vero
898 1765 994 1822 mode·
1019 1779 1024 1791 ·

119 1863 217 1922 randis
231 1862 447 1935 cupiditatibus,
460 1861 649 1936 regendisque
674 1860 764 1918 animi
788 1863 913 1919 motibus
934 1864 993 1920 lau·

120 1963 215 2026 datur,
228 1959 301 2031 ejus¹
313 1964 358 2016 cst
379 1975 481 2016 munus
505 1959 536 2016 in
558 1959 688 2032 agendo:
709 1959 759 2016 cui
783 1961 991 2032 temperantiae

121 2075 231 2117 nomen
245 2063 298 2114 est.
341 2059 438 2132 Atque
452 2057 503 2114 illa
523 2057 674 2130 prudentia
699 2057 728 2114 in
752 2057 811 2114 suis
832 2057 925 2126 rebus,
943 2059 992 2116 do·

121 2157 263 2226 mestiea;
284 2155 314 2212 in
330 2155 461 2229 publicis,
476 2155 574 2212 civilis
587 2154 725 2228 appellari
740 2157 822 2212 solet.
865 2157 991 2231 'Pompe-
1024 2216 1027 2221 ,

120 2255 217 2312 ranlia
235 2261 333 2312 autem
351 2254 382 2312 in
396 2272 460 2312 suas
474 2253 576 2312 itidem
590 2272 635 2312 res
646 2260 677 2312 el
697 2254 729 2312 in
742 2272 910 2314 communes
935 2257 991 2314 dis·

122 2353 229 2410 tributa
249 2358 303 2420 est,
326 2355 493 2426 duobusque
519 2353 613 2410 modis
630 2352 651 2383 ¹⁰
661 2353 693 2412 in
720 2355 804 2410 rebus
820 2357 990 2412 *commodis

120 2449 310 2517 disoernitur;
332 2455 363 2505 et
373 2467 417 2515 ea,
430 2467 505 2522 qnae
518 2453 630 2516 absunt,
644 2467 703 2506 non
714 2452 889 2521 expetendo,
903 2456 934 2508 et
954 2455 991 2508 ab

120 2549 169 2613 iis,
183 2545 302 2621 quaein
315 2550 457 2619 potestate
471 2551 547 2613 sunt,
561 2545 742 2603 abstinendo.
784 2548 820 2604 ln
840 2550 924 2605 rebus
944 2565 992 2606 au·

120 2643 388 2709 tem'incommodie
401 2649 446 2700 eet
465 2643 567 2702 itidem
590 2644 707 2716 duplex.
722 2661 791 2702 nam
811 2663 885 2721 quae
909 2647 991 2706 veni·

120 2743 238 2802 entibus
252 2743 336 2799 melis
351 2741 623 2811 obstet,·iortitudo;
643 2759 727 2816 quoe,
740 2745 886 2817 quodjam
900 2747 991 2814 adesi,

115 2919 213 2966 'cendum
223 2919 260 2975 eit,
269 2919 292 2966 id
303 2919 403 2964 breviter
412 2917 458 2964 fieri
467 2915 555 2964 debere.
586 2917 630 2964 Sed
645 2917 670 2963 id
678 2923 712 2964 eet
720 2918 750 2964 ab
758 2919 780 2966 h.
792 2919 808 2965 l.
820 2918 922 2966 alienum.
934 2933 988 2966 nam

118 2977 200 3024 leviter
208 2979 319 3038 tangendo
328 2993 372 3023 nou
380 2981 472 3036 augetur
483 2976 561 3036 gloria.
593 2975 672 3022 cicero
681 2977 743 3032 dicit,
753 2983 793 3025 aut
810 2978 988 3046 praetermittes

120 3037 172 3084 dam
179 3051 226 3084 esse
250 3051 323 3084 rossus
333 3037 379 3094 ejus
388 3036 530 3090 mentionem,
540 3035 586 3091 vel,
601 3035 619 3080 si
630 3038 706 3082 tamen
721 3035 888 3093 neec-dicacis,
899 3037 922 3082 id
939 3051 987 3084 esse

119 3095 152 3142 ile
161 3051 292 3153 laciendum,
302 3099 327 3141 ut
336 3095 388 3141 inde
397 3093 468 3154 gloria
478 3095 524 3152 eJus
534 3097 648 3163 eugenius,
658 3108 723 3154 quem
738 3095 860 3140 laudemus.
891 3095 934 3142 Sed
944 3096 987 3143 hoe

120 3159 154 3199 eet
169 3155 307 3211 augustam
325 3154 419 3200 trudere.
450 3154 509 3200 Rem
518 3167 565 3199 esse
589 3153 805 3208 umalaclamnut
821 3154 988 3202 reeteinteatu

120 3212 229 3271 pouisine
243 3213 306 3260 libris
321 3216 403 3272 putem.
435 3213 494 3259 Mos
511 3213 546 3258 ed.
589 3211 698 3258 enaim
714 3211 814 3268 poliatur
829 3227 870 3274 pro
881 3214 985 3272 potitor:

122 3282 198 3328 margo
205 3272 311 3327 poliatur.
343 3270 447 3317 Pacuui
465 3269 552 3331 recepi;
568 3274 622 3316 ante
632 3275 665 3316 est
674 3270 695 3315 ei
704 3270 752 3316 en'l.

151 3349 162 3380 ⁸
177 3347 307 3406 barbsaelc
316 3349 342 3396 in
349 3364 385 3405 pr.
402 3363 423 3394 o.
442 3363 526 3406 genero
538 3355 591 3397 sunt
605 3349 740 3408 diligende]
757 3349 817 3401 Quid
827 3355 861 3397 eet
871 3351 898 3397 in
906 3365 989 3408 geom

121 3406 219 3464 dirigere
228 3408 238 3452 l
254 3407 324 3454 Immo
333 3406 466 3464 dirimenda,
476 3407 512 3452 vel
518 3407 645 3466 digerendo.
676 3405 726 3455 Hoc
734 3409 805 3469 probo
814 3409 917 3456 maxime.

153 3485 164 3516 ⁰
179 3487 338 3549 maseludetur]
354 3485 439 3534 Meli.
452 3486 599 3534 concluditur.

151 3562 173 3595 ¹⁰
184 3563 285 3610 inroitu
294 3565 425 3625 conmodis]
442 3563 505 3612 Haeo
512 3579 556 3611 non
566 3565 646 3614 suntin
655 3567 690 3612 ed.
705 3567 763 3612 Ven.
773 3565 839 3611 male.

797 3785 809 3822 Ι
