2436 4192
243 305 306 366 21⁸
598 297 741 350 oneror.
758 283 763 303 “

240 441 414 523 superaddi!
434 449 464 503 ut
476 442 691 522 egobm.·'Haee
701 444 799 502 inuiue¹
809 442 889 502 diota
901 448 970 502 sunt
983 447 1117 522 quatum·-

241 547 285 605 nt
299 545 489 613 membratim,
503 563 575 619 qnae
586 549 752 618 sequuntur,
766 545 832 612 dno,
854 542 1008 601 Inurum-sti
1022 561 1119 602 urruns

240 641 271 702 in
294 642 456 703 commuue:
487 640 519 698 in
545 640 653 699 disum
676 641 795 699 inanime
814 640 954 698 insanisti.
999 644 1118 702 Deinde

239 742 347 810 omnia,
361 748 505 816 tamqnam
525 742 676 814 crepidine
700 742 832 816 quadam,
853 741 1117 814 comprehensione

166 909 169 914 ,
240 841 370 915 longiore
384 839 570 907 sustinentur,
589 839 769 916 Depressum,
787 855 903 907 coeeorn,
914 839 1061 915 joannen
1075 839 1118 897 do·

240 956 316 996 natm
324 936 428 1016 pluris,
441 953 526 1014 qnam
539 944 574 1005 te,
588 945 614 994 et
627 935 852 1015 qrsomfnrtnnne
863 943 930 994 tum
949 937 1116 996 destinasti.

240 1039 378 1097 dichoreo
392 1037 497 1098 tinitnr.
539 1038 582 1096 At
595 1037 754 1110 dispondeo
765 1037 926 1110 proximum
941 1036 1025 1094 iilud.
1048 1055 1115 1095 nam

241 1137 332 1203 iniis,
345 1136 456 1211 quibus,
468 1142 499 1192 nt
509 1135 701 1210 pugiunculis,
714 1136 756 1192 uti
769 1140 891 1209 oportet,
902 1135 1033 1192 brevitas
1046 1135 1119 1196 feeit

241 1235 304 1309 ipsa
316 1235 465 1292 liberiores
479 1235 576 1308 pedes.
618 1235 715 1307 Saepe
739 1234 817 1291 enim
837 1233 960 1307 singulis
975 1236 1115 1293 utendum

241 1340 295 1402 est,
308 1336 476 1408 plerumque
490 1332 574 1400 binis,
599 1328 644 1408 (et
664 1332 790 1406 utrisque
805 1333 872 1388 addi
886 1332 970 1404 pedis
985 1350 1053 1405 pars
1067 1350 1116 1406 po-

241 1430 321 1509 test)
332 1450 390 1489 non
404 1431 462 1488 sere
474 1431 563 1488 ternis
577 1429 709 1500 amplius.
741 1429 862 1485 lneisim
873 1433 972 1486 autem
987 1437 1019 1486 et
1028 1447 1114 1488 mem-

241 1531 346 1590 bratim
363 1527 474 1586 ⁵traota
487 1527 580 1584 oratio
592 1527 624 1582 in
645 1526 723 1582 veris
743 1527 837 1583 nausis
852 1527 1010 1598 plurimum
1025 1532 1114 1598 vaiet,

241 1629 423 1703 maximque
437 1615 482 1692 his
497 1624 578 1693 loeis,
592 1641 659 1682 oum
673 1630 722 1680 ant
736 1641 847 1698 arguas,
861 1629 911 1680 aut
924 1625 1063 1684 rsieiias:
1083 1631 1112 1685 nt

241 1733 339 1786 nostra
360 1728 390 1784 in
414 1725 590 1783 Corneliana
612 1723 748 1790 secunda,
771 1719 1112 1794 ornatissimum

241 1843 300 1884 rem
321 1821 514 1898 excogitntmu,
541 1841 558 1878 o
582 1819 697 1896 ingenio
721 1817 889 1877 premenda!
923 1821 1111 1882 Membratim

241 1925 353 1983 adhue:
380 1921 487 1978 deinde
500 1919 609 1978 enesim
622 1919 756 1977 diximus.
797 1899 905 1976 Rursus
920 1921 1112 1990 membratim

243 2022 339 2082 untes
360 2017 427 2076 dure
447 2017 582 2076 volemus.
625 2019 763 2076 Extrema
783 2017 910 2091 seqnitur
922 2021 1111 2091 eomprehen-

241 2120 294 2188 aio,
307 2122 358 2177 sed
373 2138 411 2176 ex
424 2120 533 2176 dnobus
547 2117 691 2184 membris,
712 2134 766 2190 qun
790 2133 848 2173 non
863 2121 1038 2189 potestesse
1052 2120 1109 2176 bre·

241 2223 314 2287 vion,
328 2218 427 2284 Quen,
441 2234 550 2292 quaeso,
564 2213 811 2292 noetmmsrfells't,
832 2213 874 2272 itu
886 2232 934 2273 uos
952 2217 1111 2294 mensuetu-

239 2312 312 2372 ros?
331 2331 388 2372 nee
401 2317 491 2369 utinm
502 2330 592 2386 genus
604 2319 648 2369 est
661 2314 780 2372 dicendi
794 2319 843 2372 eut
856 2315 971 2383 meiius,
995 2322 1046 2372 ant
1059 2318 1111 2374 t'or·

241 2414 307 2481 tius,
319 2411 413 2470 ⁶binis
428 2416 477 2468 aut
498 2409 586 2467 ternis
601 2409 684 2468 ferire
705 2413 810 2480 verbis,
825 2429 1041 2488 nonnumquam
1055 2415 1110 2472 sin·

240 2514 324 2590 gulis,
333 2514 431 2588 pantio
444 2511 517 2568 alius
531 2509 657 2584 pluribus
672 2531 679 2568 ε
699 2509 795 2568 ⁷inter
807 2529 880 2585 quae
895 2511 985 2569 variis
1000 2515 1109 2570 eiansu·
1204 2539 1205 2564 r

240 2612 276 2670 lis
291 2610 449 2685 interponit
470 2627 501 2666 se
516 2626 580 2666 raro
595 2626 746 2666 numemsa
765 2610 1003 2682 connirebensio:
1025 2625 1109 2685 quam

240 2727 377 2785 perverse
391 2707 505 2782 fugiens
527 2705 678 2781 Hegesias,
700 2708 768 2763 dnm
793 2707 844 2763 iiie
866 2725 978 2782 quoqne
1003 2708 1108 2768 imitari
1203 2753 1204 2768 2

238 2829 247 2868 γ’
270 2869 364 2915 tunm
373 2865 460 2926 oratio]
491 2863 527 2910 Sic
536 2875 622 2923 semper
630 2861 716 2916 Cieero,
726 2865 751 2907 ut
761 2861 851 2918 etsmn.
883 2827 1106 2920 vulnerationes

241 2943 289 2976 mm
299 2943 348 2974 enm
358 2925 406 2972 istis
417 2923 528 2970 adverbiis
546 2935 590 2967 non
605 2921 685 2966 hebet:
702 2923 726 2965 et
735 2920 789 2966 baec
805 2920 850 2966 dno
860 2920 928 2966 verba
937 2935 1005 2981 saepe
1014 2921 1038 2968 in
1046 2921 1108 2968 iibn's
1202 2933 1203 2945 ¹

241 2987 408 3041 aoniunduntur,
418 2988 444 3029 nt
453 2997 519 3042 supra
528 2981 550 3025 in
557 2979 599 3025 hoc
608 2979 655 3040 ipso
663 2978 728 3024 libro.
760 2977 843 3023 Tracta
851 2979 918 3039 piane
927 2979 975 3026 Ms.
987 2979 1017 3026 V.

269 3060 498 3120 “dionanttemisi
530 3057 615 3104 Durum
626 3061 667 3113 est,
684 3056 757 3102 omitti
770 3071 851 3115 psum:
865 3056 955 3102 videtur
972 3057 1103 3105 addendmn.
1201 3051 1202 3058 ¹

239 3121 409 3180 Compamtivm
419 3133 463 3165 uon
472 3117 518 3164 coit
526 3131 575 3163 eum
583 3116 652 3162 verbo
662 3121 686 3162 et
695 3115 808 3162 infinitivo
840 3114 899 3162 Dein
908 3115 960 3161 edd.
971 3119 1030 3162 vett.
1042 3131 1104 3178 qnae⁴

238 3177 375 3234 damjiuirs,
386 3181 443 3223 utet
454 3175 514 3236 Lips.
531 3175 666 3236 qnaeserire
678 3174 746 3220 babet
756 3173 778 3220 in
788 3173 893 3232 margine.
925 3173 969 3220 Ed.
981 3175 1103 3232 Venfm,

238 3236 322 3296 quode
330 3234 461 3295 oompendio
470 3239 547 3279 natum
555 3237 595 3279 est.
628 3232 713 3279 Manus
726 3233 793 3279 doute
808 3232 830 3278 in
846 3233 881 3279 ed.
895 3231 956 3294 Lips.
968 3234 1041 3279 nordio
1050 3247 1103 3280 aon.

237 3292 344 3398 Ἡ,
353 3287 366 3337 i
365 3307 401 3394 ng.
413 3290 658 3394 meaulnbrigntilugestrnpg:¹
657 3294 712 3396 321?
721 3290 804 3337 dietum
814 3293 847 3396 {st
856 3291 942 3337 drudus
950 3291 1076 3340 wutron
1085 3305 1101 3338 e

317 3365 348 3395 m.
394 3364 440 3396 nm
464 3364 484 3394 e.
710 3363 814 3396 sennem

267 3429 279 3462 r
294 3428 353 3475 inter
362 3426 423 3486 qum]
440 3424 495 3471 nihii
505 3429 546 3480 est,
556 3440 601 3485 quo
608 3425 718 3474 referatur
725 3442 785 3486 ptrue.
806 3428 855 3475 Ser.
865 3442 928 3486 ptrue,
935 3427 950 3474 i.
962 3443 983 3474 e.
994 3428 1103 3484 membru,
1199 3449 1200 3456 ³

237 3489 313 3537 ineisa.
345 3482 497 3545 strennus.
529 3484 662 3531 Sensusest:
678 3485 887 3547 interqnaeineisa,
902 3491 996 3549 propter
1010 3486 1104 3534 varieb-

238 3541 581 3618 tspdmnnnmraroloeun
589 3541 822 3594 habetnumerosaor.
