2474 4188
519 311 655 366 morus
987 317 1007 382 ι

72 499 76 508 -
135 465 289 540 atamejus
298 464 473 524 felicitatem
485 481 544 522 non
554 463 625 522 satis
638 465 722 538 grato
734 461 830 522 animo
842 462 1011 540 interpreta-

130 579 210 624 arur.
255 564 377 623 Etenim
396 562 423 620 si
444 563 560 620 viveret
584 563 622 635 Q.
640 561 823 630 Hortensius,
842 568 945 620 catera·
957 557 1043 622 loni

135 665 217 722 tasse
236 663 419 720 desideraret
437 680 496 720 una
515 679 582 720 cum
606 661 724 736 reliquis
738 660 822 719 bonis
843 664 874 718 et
894 661 1013 720 torribus

136 758 275 831 civibus3
289 762 368 818 bunc
382 765 480 820 autem
490 757 501 791 ¹
511 765 626 834 praeter
635 763 757 827 ceteros,
770 764 821 816 aut
832 773 901 816 cum
913 759 1015 833 paucis

137 859 301 918 scutineret
319 861 458 926 dolorem,
476 875 543 917 eum
561 858 653 916 iorum
671 857 770 932 populi
784 857 920 926 Romani,
938 857 1016 934 quod

136 955 244 1016 inisset
257 959 340 1033 quasi
360 957 504 1016 tbeatrusn
517 955 596 1014 illius
615 955 737 1032 ingenii,
756 971 831 1014 voce
844 956 965 1024 emdita,
984 961 1016 1012 et

139 1053 288 1114 Romanis
309 1057 488 1130 Graecisque
505 1053 620 1112 auribus
639 1055 738 1130 dignu,
755 1055 911 1128 apostatum
929 1059 1016 1130 atque

139 1155 277 1214 orbatum
296 1153 418 1215 videret.
458 1153 602 1229 Equidem
624 1169 715 1228 angor
737 1153 845 1222 auimo,
864 1169 925 1212 uon
948 1169 1017 1211 con·

138 1251 212 1320 sitii,
234 1271 296 1310 non
310 1251 433 1327 ingenii,
452 1269 512 1309 non
525 1251 704 1324 auctoritatis
722 1250 831 1310 'armis
844 1269 932 1326 egere
944 1267 1016 1310 rem·

140 1351 304 1424 publicam,
337 1368 411 1426 quae
437 1349 597 1408 didiceram
622 1355 758 1418 vadare,
783 1350 942 1425 quibusque
967 1365 1017 1408 me

141 1449 368 1536 usueieceram,
388 1466 518 1524 quaeque
537 1453 622 1506 mant
634 1447 748 1523 propria
759 1465 828 1506 cum
844 1447 1016 1522 praestantia

142 1545 177 1602 in
185 1548 339 1620 republica
348 1547 415 1616 viri,
423 1553 486 1606 tum
496 1550 573 1608 bene
580 1552 708 1606 moratae
716 1551 747 1605 et
757 1549 833 1605 bane
842 1545 1018 1604 constitutae

143 1643 292 1704 civitatis.
333 1647 445 1720 Quodsi
469 1646 524 1705 tuit
547 1647 579 1704 in
606 1645 754 1721 republica
778 1650 893 1720 tempus
918 1645 1018 1713 ullum,

142 1758 216 1802 cnm
229 1748 402 1820 extorquere
415 1763 495 1804 arma
510 1749 608 1818 posset
619 1762 638 1802 c
651 1744 784 1802 manibus
797 1743 933 1802 untomn
945 1741 1018 1812 civis

143 1857 205 1910 uus,
220 1843 293 1900 boni
307 1843 383 1900 civis
396 1843 552 1902 auctoritas
565 1847 596 1902 ct
608 1843 719 1913 oratio3
732 1847 793 1900 tum
813 1843 943 1916 mulceto
955 1839 1019 1909 tuit.

144 1955 219 1998 cum
247 1941 441 2013 patrocinium
466 1941 546 2014 pacis
577 1945 729 2000 exclusum
753 1945 800 1998 est
822 1937 899 1998 ³aut
924 1955 1020 1996 erroro

144 2037 315 2106 hominum,
333 2043 383 2096 aut
400 2039 512 2095 timore.
552 2039 600 2096 lta
617 2037 833 2110 nobismetipsis
853 2035 971 2104 accidit,
989 2040 1022 2092 ut

114 2117 118 2126 ¹
144 2151 326 2211 quamquam
349 2140 449 2194 essent
468 2137 560 2194 multo
578 2135 672 2210 magis
691 2135 750 2193 alia
769 2135 903 2209 lugenda,
923 2137 1022 2192 umen

147 2233 208 2290 hoc
227 2237 397 2300 doleremus,
417 2237 502 2306 quod,
520 2239 724 2306 quo-tempore
739 2237 828 2289 satu
840 2238 943 2288 acrba
959 2249 1021 2304 pet·-

148 2329 253 2390 iuncta
272 2333 356 2388 rebus
369 2328 563 2404 amplissimis,
585 2334 721 2404 tanquam
740 2327 771 2386 in
790 2335 904 2404 portum
923 2329 1022 2390 cumiu-

150 2447 220 2504 gere
242 2430 370 2498 deberet,
391 2445 451 2486 non
469 2428 603 2496 inertiae,
626 2445 721 2503 neque
740 2426 879 2495 desidiae,
902 2429 955 2486 aed
967 2429 1022 2487 otii

152 2527 304 2596 moderati,
316 2531 402 2602 atque
415 2525 546 2598 bonesti3
568 2543 690 2601 cumque
704 2525 767 2601 ipsa
780 2526 873 2584 oratio
880 2525 944 2600 jam
957 2544 1022 2587 noo

151 2629 198 2682 tra
214 2629 395 2693 canesceret,
414 2625 589 2700 haberetque
608 2641 690 2682 suam
710 2625 855 2700 quandam
877 2625 1024 2684 maturita-

155 2727 223 2794 tem,
243 2729 275 2782 et
293 2723 377 2799 quasi
391 2725 588 2791 senectutem
608 2728 670 2781 tum
687 2740 767 2781 arma
784 2727 852 2780 aunt
865 2740 901 2779 aa
920 2728 1024 2792 sumta,

155 2821 259 2896 quibus
271 2823 316 2880 illi
329 2821 395 2897 ipat,
419 2821 469 2896 qui
484 2820 647 2886 didicerant
664 2820 707 2876 eia
720 2821 764 2878 uti
781 2819 915 2894 gloriose,
928 2835 1025 2896 quent·

182 2975 196 3009 ¹
208 2981 297 3032 praeter
306 2980 391 3032 nens,
400 2979 441 3022 aut
449 2989 500 3023 cum
507 2973 542 3035 μ]
573 2971 667 3032 Vulgari
676 2976 735 3029 αρν.
748 2986 766 3019 e.
798 2969 879 3020 Deleri
889 2976 924 3031 et,·
934 2969 1026 3023 deberet

155 3031 1027 3164 scuitcorutmtttuttccttttttt

160 3165 241 3210 comp.
272 3151 333 3203 (luia
342 3151 378 3198 bre
387 3150 410 3197 in
425 3151 499 3198 altero
507 3149 607 3197 membro
616 3155 650 3196 est
664 3153 711 3206 ortt,
725 3147 821 3196 debebat
829 3149 853 3197 in
862 3151 933 3212 prino
942 3151 1026 3212 pariter

92 3267 94 3275 =
158 3209 786 3330 ulturutcutuuuuctfflo
801 3213 1024 3271 utum*

463 3303 470 3326 ‚
634 3303 641 3314 ,

189 3349 201 3382 ²
215 3345 365 3407 crraiaagera]
387 3345 522 3404 desiderare,
537 3345 649 3403 clitella,
667 3349 711 3394 ete.
722 3345 753 3393 ric
762 3350 787 3392 ct
795 3345 855 3394 alibi.
867 3359 889 3394 v.
899 3345 966 3392 clav.

190 3427 203 3460 ³
216 3430 256 3474 nra
263 3439 338 3474 more
346 3425 368 3471 b.
378 3438 399 3470 a.
411 3425 506 3486 timore]
537 3424 624 3472 Errare
647 3425 714 3472 rimisa
723 3424 796 3473 edidit
807 3425 878 3474 Aldus
887 3438 928 3486 pro
936 3428 1028 3492 terrant

161 3499 235 3591 ff·
244 3483 402 3555 mmcctionem
417 3483 525 3530 Gruterus
542 3484 623 3552 taratra
664 3484 707 3530 'vio
721 3483 814 3532 tribuit:
834 3493 1030 3546 quamquumque

228 3557 317 3604 ingemo
323 3543 388 3602 sidit,
397 3543 456 3606 quod
466 3557 494 3592 ex
503 3543 564 3594 bido
572 3543 657 3592 discere
666 3545 763 3605 poterat.
