2460 4184
219 275 261 358 η
586 259 731 344 ηυτυε(

217 437 311 512 neque
321 437 387 508 boc,
397 432 475 514 quod
488 457 565 500 nunc
578 439 626 508 sit
639 445 672 498 ut
688 456 794 506 causan
804 440 934 514 singulae
948 438 1084 500 defende·

216 539 345 595 uenture
362 538 566 614 pluribusque
579 538 652 596 nihil
665 543 711 596 est
731 539 872 599 vitiosius·
914 540 1081 612 neruosus

215 633 336 702 masiis,
358 653 428 710 quos
447 653 508 700 mn
525 636 707 700 audivimus:
727 636 760 694 in
780 654 836 712 quo
857 638 1082 712 primumsaepe

214 737 299 796 aliter
311 741 356 794 est
369 735 487 802 dictum,
498 733 581 795 aliter
591 735 628 792 ad
641 751 694 794 nos
704 736 841 796 relatum:
861 734 969 792 deinde
980 733 1080 808 magui

213 834 333 894 interest
345 849 443 892 coram
464 831 563 892 videre
577 849 634 900 me,
646 833 883 908 quemadmodum
897 832 1080 891 adversarius

211 933 250 992 de
263 949 372 1006 umque
396 947 426 988 re
448 934 605 998 asseveret,
628 930 754 996 maxime
776 934 875 989 cutem
895 931 1079 1004 quemadmo-

211 1032 279 1092 dum
290 1048 419 1106 quaeque
432 1047 477 1086 res
489 1029 629 1086 audiatur.
668 1029 726 1090 Sed
737 1028 812 1096 nihil
826 1027 968 1096 vitiosius,
981 1045 1079 1102 quam,

211 1147 278 1188 cum
304 1146 393 1186 unum
416 1145 517 1200 corpus
541 1129 646 1184 debeat
659 1144 722 1186 ease
744 1125 928 1194 defensionis,
943 1125 1075 1184 uascide

209 1227 324 1300 integro
336 1242 463 1294 causam,
474 1242 542 1284 cum
553 1225 591 1284 sit
602 1227 638 1282 ab
651 1227 742 1282 altero
755 1230 893 1297 perorata.
936 1224 1074 1282 Omnium

208 1324 289 1382 enim
311 1341 469 1390 causarum,
496 1340 584 1380 uuum
598 1328 642 1380 est
668 1325 798 1384 naturale
812 1321 995 1396 principium,
1016 1339 1074 1382 uua

208 1421 368 1496 peroratio:
391 1421 517 1494 reliquae
528 1426 632 1493 partes,
642 1419 929 1494 quasimembra,suo
942 1438 1071 1496 quaeque

205 1523 273 1578 loco
285 1522 391 1587 locata,
403 1536 484 1579 suam
497 1523 527 1576 et
541 1517 611 1586 vim,
624 1522 654 1575 et
668 1518 839 1592 dignitatem
853 1522 964 1574 tenent.
997 1519 1071 1580 Cum

206 1624 303 1678 autem
320 1617 438 1678 difficile
465 1616 513 1684 sit,
525 1614 556 1678 iu
576 1618 663 1690 longa
683 1616 813 1685 oratione
835 1633 895 1674 uun
915 1617 1071 1692 aliquando

204 1716 312 1790 aliqum
323 1717 364 1774 ita
378 1715 484 1784 dicere,
493 1713 514 1746 ³⁸
527 1719 559 1772 ut
571 1714 627 1774 sibi
640 1714 701 1790 iuss
712 1731 770 1778 uon
784 1713 960 1778 conueniat:
981 1732 1069 1790 quan·

133 1809 138 1824 ⁴
203 1819 235 1874 to
248 1815 391 1888 difficilius
401 1832 517 1882 cavere,
528 1832 564 1872 ue
584 1814 652 1888 quid
666 1813 754 1880 dicus,
767 1814 843 1888 quod
857 1831 914 1872 uon
927 1815 1067 1875 conveni·

203 1915 309 1988 atejus
322 1912 454 1982 orationi,
461 1913 510 1988 qui
524 1918 591 1971 ante
603 1919 632 1970 te
645 1910 751 1972 dixerit
762 1909 774 1970 l
796 1913 855 1970 Sed
864 1911 931 1986 quia
945 1917 976 1969 et
986 1915 1067 1972 labor

201 2015 292 2079 multo
305 2014 396 2088 major
408 2017 461 2080 est,
472 2017 561 2072 lotam
585 2028 709 2078 causam,
723 2027 808 2085 quam
827 2015 937 2084 partem
957 2010 1066 2080 dicere,

200 2115 232 2167 et
245 2112 312 2184 quia
325 2114 419 2183 plures
440 2111 574 2166 ineuntur
592 2109 712 2181 gratiae,
732 2108 757 2164 si
772 2125 829 2168 uno
843 2113 969 2182 tempore
984 2109 1065 2168 dicas

199 2224 251 2280 pro
271 2208 406 2280 parribus,
435 2206 544 2264 ilcirco
568 2207 645 2264 hauc
668 2207 906 2268 cousuetudinem
932 2208 1065 2266 lubenter

197 2303 384 2366 adscivimus.

145 2423 186 2484 53
237 2401 328 2459 Erant
342 2407 448 2470 tamen,
462 2399 563 2476 quibus
588 2401 733 2463 videretur
745 2401 823 2460 illius
843 2402 947 2462 aetatis
962 2403 1085 2465 tertium

198 2499 295 2566 Curio,
321 2499 388 2574 quia
401 2499 644 2572 splendidioribus
668 2500 787 2558 sortasse
801 2501 897 2558 verbis
911 2504 1060 2572 utebatur:

195 2600 226 2654 et
239 2597 305 2672 quia
332 2597 437 2654 Latine
458 2614 516 2654 uon
543 2597 667 2670 pessime
691 2599 865 2674 loquebatur,
889 2589 949 2668 usu,
963 2603 1059 2668 credo¹
1138 2658 1142 2666 ,

194 2693 291 2770 aliquo
317 2695 485 2752 domestico.
520 2713 589 2752 nam
618 2696 776 2754 litterarum
801 2699 955 2760 admodum
985 2698 1080 2774 nihil

193 2792 314 2851 sciebat.
356 2795 415 2852 Sed
441 2792 539 2868 magni
563 2794 692 2862 interest,
711 2813 781 2870 quos
812 2795 931 2870 quisque
958 2797 1057 2857 audiat

192 2893 320 2965 quotidie
330 2892 418 2961 domi,
428 2893 595 2966 quibuscum
604 2895 1057 2968 loqueturapuero,quemadmo·⁴

191 2988 259 3046 dum
270 2996 373 3062 patres,
387 2991 555 3063 paedagogi,
569 2996 674 3048 matres
696 2991 786 3048 etiam
799 2994 958 3065 loquantur.
1001 2994 1057 3050 Le·

190 3083 284 3157 gimus
297 3086 432 3156 epistolas
447 3086 611 3154 Corneliae,
629 3088 726 3144 matris
741 3089 954 3146 Gracchorum:
968 3107 1056 3164 appa·

189 3186 242 3248 ret,
253 3182 326 3238 filios
338 3200 396 3239 non
408 3189 465 3240 tum
474 3183 504 3242 iu
513 3184 622 3258 gremio
633 3185 768 3244 educatos
770 3203 872 3262 ‚quam
880 3187 910 3246 iu
922 3203 1054 3246 sermone

199 3331 240 3403 β’
254 3336 280 3378 ut
289 3331 349 3378 aba·
339 3347 384 3388 apae
393 3349 438 3380 um
447 3348 506 3381 cmm
509 3335 525 3404 ]
529 3335 600 3381 intell.
612 3339 694 3383 amtor.
705 3337 761 3384 allae
775 3337 911 3410 legendum
900 3355 948 3396 apso
960 3356 990 3388 sc.
1001 3356 1052 3388 ora·

185 3390 369 3496 1ιὲιιιὶίὲιιιιιιιῑιιιιιι
378 3405 418 3438 nee
429 3393 473 3437 lroe
483 3394 536 3439 satis
551 3394 640 3463 placet,
648 3409 688 3441 nee
705 3395 767 3442 illud
778 3395 910 3466 videturque
919 3400 1048 3458 legendum.

220 3451 504 3506 alpanummnuem'm:
519 3466 583 3498 uam
617 3453 684 3509 uitur,
695 3455 833 3514 mmubdiffi
853 3471 869 3500 c
880 3459 1050 3516 nummatum,

185 3513 210 3554 et
219 3508 297 3614 postici
304 3521 349 3554 uuo
358 3512 451 3572 ternpore
460 3509 526 3556 dicas.
558 3467 684 3558 (0Ἦο
646 3511 711 3559 focile
721 3513 790 3576 proba
777 3517 864 3560 uturum
874 3528 984 3578 quemque
993 3517 1050 3564 harro

184 3580 260 3614 correo
278 3581 349 3615 onem
