2436 4192
234 368 297 426 210
596 364 738 415 ORA'FOR·

232 509 329 568 fldem.
375 511 445 579 Sed,
466 501 600 588 quoniam
623 511 789 572 minuenda
809 526 1026 586 nonnumquam
1048 514 1099 578 est,

232 608 355 682 primum
383 611 540 670 videndum
567 616 620 679 est,
646 627 703 686 quo
729 612 804 679 looo,
834 609 941 669 deinde
965 609 1100 685 quamdin

233 707 384 766 retinenda
407 709 454 777 sit,
471 714 530 766 tum
550 715 620 784 quot
638 709 731 768 modis
752 709 966 768 commutando.
1010 706 1101 766 Adhi-

233 807 328 866 benus
341 811 386 864 ost
395 807 481 882 igitur
491 825 642 866 numeroso
655 808 756 877 oratio,
766 807 791 865 si
804 811 854 865 out
867 807 1045 865 laudandum
1056 808 1098 862 est

234 906 343 980 aliquid
358 907 496 975 ornatius,
509 911 541 964 ut
562 924 615 965 nos
636 907 668 966 in
688 905 881 964 accusationis
904 906 1044 972 secundo,
1065 905 1100 961 de

236 1003 358 1062 Siciliae
370 1005 456 1062 laude
474 1003 617 1076 diximum
636 1003 656 1036 ⁹¹
667 1012 699 1063 ut
711 1006 744 1063 in
764 1010 874 1074 senatu,
888 1005 926 1062 de
948 1005 1099 1062 consulatu

233 1119 318 1160 meo:
339 1108 389 1160 aut
401 1105 586 1178 exponenda
608 1104 743 1172 namatio,
764 1121 836 1178 quoe
861 1104 925 1176 plus
950 1099 1099 1174 dignitatis

233 1197 416 1269 ”desiderat
430 1220 515 1276 quam
534 1203 649 1271 doloris,
670 1202 753 1260 utin
776 1206 875 1276 quarto
896 1199 1099 1266 accusationis,

233 1299 269 1356 de
284 1300 416 1358 Ennensi
430 1300 547 1368 Cerere,
560 1302 597 1359 de
621 1303 781 1375 Segestana
795 1300 901 1368 Diona,
915 1300 954 1356 de
977 1300 1100 1372 Syracu-

233 1413 328 1454 sorum
341 1397 398 1454 situ
412 1397 548 1456 diximus.
591 1401 685 1472 Saepe
700 1399 789 1456 etiam
802 1399 833 1456 in
844 1397 1052 1471 amplificanda
1061 1414 1099 1463 re,

232 1511 373 1552 concessu
399 1495 529 1554 omnium
555 1497 683 1554 funditur
709 1515 861 1555 numerose
881 1501 912 1553 et
933 1495 1101 1555 volubiliter

233 1593 336 1652 oratio.
377 1592 411 1650 lti
425 1611 476 1650 nos
486 1594 604 1652 sortasse
616 1613 674 1652 non
685 1597 867 1670 perfecimus,
876 1595 975 1652 conati
986 1596 1100 1670 quidem

234 1691 401 1766 saepissime
415 1709 527 1752 sumus:
546 1691 568 1725 ⁸³
577 1696 652 1768 quod
676 1694 805 1767 plurimis
820 1695 892 1753 locis
906 1692 1101 1768 perorationes

152 1817 158 1832 ·
235 1799 361 1860 nostrae,
375 1791 503 1848 voluisse
518 1810 579 1860 uos,
590 1798 675 1867 atque
689 1793 786 1850 nnimo
799 1791 995 1858 contendisse,
1009 1793 1103 1850 decla·

235 1895 309 1948 rent.
350 1891 385 1948 ld
406 1901 503 1952 autem
518 1898 578 1949 tum
592 1894 680 1958 valet,
693 1908 759 1948 cum
773 1891 807 1959 is,
821 1891 871 1966 qui
889 1890 979 1958 audit,
992 1893 1032 1946 ab
1045 1907 1102 1947 ors·
1203 1955 1204 1962 ἵ

235 1998 297 2053 tore
307 1994 371 2068 jum
384 1994 516 2052 obsessus
530 1996 584 2059 est,
599 2008 633 2048 ac
648 1995 770 2048 tenetur.
811 1991 840 2046 N
842 2007 880 2046 on
897 1989 978 2046 enim
992 1989 1023 2046 id
1037 1989 1102 2062 ugit,

234 2092 255 2125 ⁹⁴
265 2101 298 2152 ut
311 2095 463 2152 insidietur
476 2096 506 2148 et
516 2093 667 2148 observet:
690 2089 739 2146 sed
749 2087 811 2161 jam
825 2087 914 2156 iavet,
928 2105 1102 2161 processum·

235 2209 290 2265 que
313 2194 385 2257 vult,
409 2189 582 2262 dicendique
607 2187 668 2244 vim
692 2187 845 2254 admirans,
866 2203 926 2244 non
945 2184 1102 2262 ⁹'inquirit
1202 2239 1203 2248 ,

235 2288 310 2360 quod
324 2286 523 2358 reprehendat.
567 2285 649 2340 Haec
664 2288 761 2342 nutem
775 2285 864 2342 formo
878 2285 1034 2370 retinenda
1048 2303 1102 2343 uon

235 2384 285 2441 diu
299 2388 354 2450 est,
366 2399 422 2440 neo
433 2381 501 2439 dico
515 2379 546 2438 in
558 2367 748 2453 peroratione,
769 2382 789 2414 ⁹⁸
798 2401 883 2457 quam
896 2384 960 2458 ipse
974 2383 1104 2450 includit,

236 2483 287 2540 sed
309 2483 341 2540 in
364 2480 502 2540 emtionis
527 2480 645 2554 reliquis
664 2481 801 2554 partibus.
824 2501 891 2540 num
913 2500 981 2540 cum
1001 2481 1102 2540 sis-bis

237 2582 311 2642 locis
338 2598 414 2648 usus,
438 2579 540 2654 quibus
563 2580 678 2638 ostendi
705 2581 806 2650 licere,
828 2581 1028 2638 transferenda
1049 2585 1105 2639 tots

268 2737 287 2771 ⁰¹
303 2735 512 2797 minimatum]
543 2734 671 2796 scripsimus
681 2739 707 2781 ut
717 2747 757 2796 pro
766 2739 812 2791 out,
824 2735 882 2797 quod
894 2735 997 2784 vitiosum
1007 2733 1106 2795 essequi·

238 2795 405 2846 vissdmonitus
413 2795 498 2842 vident.
532 2795 662 2852 inhocjam
673 2809 739 2854 supra
749 2793 842 2840 vidimus
851 2800 967 2854 peecatum
978 2809 1034 2841 csse.
1066 2821 1070 2826 -

267 2877 290 2912 ⁹²
306 2875 433 2937 decimi]
465 2871 562 2922 Videtur
572 2890 619 2921 csse
628 2875 744 2933 legendum
753 2874 866 2922 desident

268 2956 290 2990 ⁰³
304 2957 398 3016 qrsodpl.
408 2955 435 3016 l]
452 2954 510 3014 quod
519 2953 572 3000 mibi
583 2959 705 3014 suspectum
716 2956 750 2998 ost
759 2953 788 2998 de
796 2952 865 2999 vitio:
880 2968 933 3000 nam
938 2954 999 3000 male
1006 2954 1106 3002 convenit

239 3013 353 3083 principio,
364 3015 442 3068 idme,
453 3019 497 3058 etc.
529 3013 588 3059 Puto
598 3027 645 3082 esse
655 3011 781 3057 delendum.
814 3009 1041 3071 Siabesscntmedin,
1052 3013 1108 3058 coiss-

202 3090 213 3112 ·
238 3087 280 3118 use
289 3087 335 3128 cns,
346 3078 409 3132 atquae
418 3072 493 3118 ocimo
504 3071 643 3127 contendisse,
654 3071 726 3118 locum
736 3070 837 3116 baberet.

268 3149 291 3180 ⁹⁴
305 3149 462 3196 utinsidt‘etur
477 3149 617 3219 demordet]
648 3148 861 3196 LambinuseMss.
873 3147 916 3197 suis
932 3149 1013 3206 edidit,
1023 3151 1108 3198 utinsi·

239 3206 396 3254 menate
413 3207 476 3254 bene.
508 3207 595 3266 Grypb.
606 3207 758 3254 insidiantem.
790 3207 939 3282 divulgatum
948 3209 1032 3268 placet,
1041 3210 1108 3256 intell.
1197 3259 1198 3262 ,

239 3264 330 3320 oratori,
340 3269 365 3310 et
373 3278 424 3310 eum
432 3265 543 3310 observet.

269 3342 291 3374 ⁹⁵
305 3341 409 3400 inquirit.
460 3341 503 3387 Ed.
523 3341 581 3387 Ven.
602 3341 667 3388 Med.
690 3345 791 3403 ncqttin't.
823 3345 920 3392 wdetun
939 3346 996 3392 darc
1019 3347 1110 3394 voluisse

239 3401 347 3522 ἓέιᾳιιῶιέε,
357 3413 387 3462 qu
425 3413 469 3446 non
480 3400 608 3458 spreverim.
641 3401 672 3448 ut
680 3401 710 3448 sis
719 3402 815 3450 correxit
822 3404 921 3464 -s'npuin‘t
928 3405 1110 3452 monusdortnbr

239 3601 302 3650 brem
314 3615 359 3652 nou
367 3597 474 3657 intelligo.
507 3594 627 3644 Lambinus
642 3598 709 3648 delet.

270 3541 292 3578 ts
306 3554 373 3601 mm
385 3537 431 3596 ipse
440 3534 557 3600 includit]
589 3537 730 3586 Guiliolmius
739 3555 796 3590 corr.
807 3541 862 3599 ipen.
895 3541 946 3600 nge
960 3545 1034 3590 iotmn
1043 3556 1107 3590 men-

439 3779 453 3820 t
