2474 4188
529 325 665 382 sanam.
980 337 1022 402 45

146 475 307 555 petendum
321 476 392 537 luite
413 479 465 538 sed
478 480 577 540 dicere
591 477 696 537 didicit
706 493 725 534 a
737 473 855 534 dicendi
868 475 1021 552 magistris,

148 594 305 653 eorumque
327 597 407 636 more
428 597 460 636 se
473 577 614 638 exercuit·
657 575 768 650 Quodsi
782 574 881 633 omnia
900 578 1021 649 aphile-

148 677 247 750 sophis
282 683 383 734 essent
420 679 567 754 petenda;
604 675 858 751 peripateticorum
884 673 1022 732 institutis

147 776 327 834 commodius
362 777 517 850 fingeretur
543 776 645 833 oratio.
690 775 775 847 ,Quo
806 771 899 847 magis
932 777 1023 842 tuuna

148 873 248 942 Brute,
255 874 402 948 judicium
416 876 515 949 probo,
529 875 579 950 qui
595 887 693 931 eorum
704 871 727 905 ⁷³
741 871 784 950 [id
797 878 851 940 est,
867 889 905 928 ex
921 877 1022 930 vetere

143 970 321 1050 Academia]
337 974 699 1047 philosophorumsectam
714 975 831 1032 secutus
845 987 887 1038 es,
899 987 1022 1046 quorum

140 1065 174 1126 in
187 1071 321 1132 doctrina
333 1077 419 1147 atque
439 1071 604 1146 praeceptis
626 1070 791 1128 disserendi
811 1069 886 1126 ratio
898 1067 1020 1143 conjun-

143 1168 221 1242 gitur
234 1186 302 1226 cum
323 1170 468 1227 suavitate
485 1169 607 1228 dicendi
630 1176 660 1226 et
673 1167 774 1241 copia:
800 1185 971 1244 quamquam
984 1183 1021 1226 aa

142 1265 209 1339 ipsa
233 1268 493 1342 Peripateticorum
514 1267 813 1349 Academicorumque
840 1267 1019 1334 consuetudo

142 1362 175 1422 in
189 1365 301 1423 ratione
314 1367 433 1424 (licendi
447 1366 513 1425 talis
528 1379 584 1434 est,
598 1370 630 1424 ut
643 1384 699 1426 nec
721 1367 860 1440 perficere
874 1371 1018 1424 oratorem

143 1463 237 1536 possit
250 1463 315 1537 ipsa
327 1483 379 1538 per
391 1483 466 1532 sese,
480 1483 535 1522 nec
550 1465 614 1524 sine
628 1482 663 1523 ea
676 1469 770 1524 orator
778 1483 848 1523 esse
861 1465 1015 1540 perlectus.

145 1561 177 1618 N
180 1579 236 1628 am,
250 1567 281 1618 nt
296 1563 458 1622 Stoicorum
469 1563 631 1622 adstrictior
639 1569 683 1622 est
696 1565 797 1633 oratio,
810 1564 1015 1640 aliquantaque

144 1661 331 1730 contractior,
345 1679 431 1736 quam
445 1679 526 1720 aures
546 1663 646 1737 populi
659 1663 820 1738 requirunt:
841 1663 885 1720 sic
898 1663 1014 1722 illorum
1066 1723 1071 1732 ,

142 1757 263 1817 liberior
275 1765 306 1816 et
320 1761 414 1829 latior,
433 1779 519 1836 quam
532 1761 639 1836 patitur
651 1762 830 1819 consuetudo
836 1761 1014 1834 judiciorum

143 1861 175 1914 et
187 1857 259 1916 lori.
316 1859 389 1930 Quis
413 1860 492 1916 enim
518 1860 632 1917 uberior
655 1861 686 1917 in
710 1861 837 1918 dicendo
863 1858 1014 1920 Platone?

138 1953 290 2020 ”lovem
316 1957 399 2028 ajunt
418 1957 592 2030 philosophi,
616 1958 642 2013 si
664 1959 780 2015 Graece
801 1960 942 2030 loquatur,
968 1959 1014 2018 sic

138 2053 233 2128 loqui.
276 2051 351 2124 Quis
374 2053 531 2110 Aristotele
550 2055 709 2122 nervosior,
729 2056 935 2128 Theophrasto
953 2057 1014 2114 dul·

132 2149 225 2210 aior?
244 2149 444 2208 Lectitavisse
458 2151 610 2210 Platonem
619 2152 912 2221 studiosaaudivisse
923 2153 1012 2214 ettam

140 2251 359 2308 Demosthenes
383 2251 510 2308 dicitur:
531 2251 617 2326 idque
639 2257 758 2326 apparat
786 2271 825 2318 ex
849 2271 956 2328 genere
978 2258 1010 2314 et

137 2349 300 2422 granditate
316 2350 476 2408 verborum.
498 2349 572 2407 dicit
590 2350 678 2408 etiam
691 2350 713 2384 ⁷⁵
720 2352 752 2409 in
766 2353 890 2426 quadam
902 2353 1008 2427 episto·

139 2448 167 2508 la
181 2447 237 2505 hoc
250 2447 314 2521 ipse
329 2448 365 2504 de
385 2465 458 2506 sese.
501 2450 561 2508 Sed
581 2455 612 2506 et
632 2450 715 2525 hujtrs
733 2451 826 2508 oratio
837 2451 870 2508 iu
882 2453 1008 2526 philoso-

165 2620 190 2654 ’Ν
203 2620 230 2668 id
238 2626 269 2668 ert
277 2647 287 2656 ·
297 2647 307 2656 -
314 2620 507 2686 philosophorum]
540 2623 618 2670 Deleri
628 2624 766 2675 haecomnia
776 2625 867 2672 volebat
876 2626 1004 2676 iambicus.

135 2674 159 2726 si
184 2681 216 2727 uis
231 2681 315 2726 servari
330 2680 392 2735 velit,
411 2681 442 2726 sic
452 2681 602 2742 interpungat,
612 2684 652 2752 qui
662 2699 745 2740 eorum,
755 2685 773 2730 τ’.
786 2700 803 2731 a
816 2699 843 2730 eu
853 2699 873 2731 o.
885 2687 1006 2733 Academia

133 2695 315 2796 psalmistam.
333 2739 382 2796 ligo
392 2740 408 2784 ἰ.
419 2754 436 2784 a
449 2755 506 2786 esu.
519 2742 559 2786 Ac.
569 2757 629 2786 unus
636 2741 720 2788 inclusi.
732 2757 783 2788 nam
793 2744 848 2788 haec
858 2745 946 2804 quidem
954 2751 1005 2792 sunt

136 2797 218 2867 spuria,
229 2801 253 2844 et
262 2813 275 2844 e
284 2798 364 2856 glossa,
375 2796 427 2860 quia
435 2801 487 2844 sunt
495 2799 562 2858 plane
571 2797 645 2844 alieno
658 2801 717 2858 loeo,
728 2799 879 2861 deberentque
894 2817 942 2848 esse
954 2807 1005 2864 post

140 2957 143 2966 ·
164 2934 188 2968 ⁷⁴
201 2933 286 2991 Ionem,
296 2935 365 2993 ajam
371 2935 408 2994 pl.
452 2935 517 2982 Haec
527 2934 596 2981 lectio
608 2935 632 2981 in
642 2934 710 2981 libros
720 2935 823 2993 vulgatos
833 2936 895 2984 venit
904 2953 918 2984 a
927 2938 1003 3002 Ririo,

134 2992 368 3096 juinondhritunde
384 2997 414 3042 ha
429 2999 484 3041 eret.
522 2995 566 3040 Sed
583 3009 659 3040 veram
671 2999 732 3055 puto.
765 2996 790 3042 ln
808 2995 843 3041 ed.
862 2995 928 3044 Med·
948 3001 1000 3049 ald.

151 3055 196 3096 unt
205 3057 241 3098 est
249 3052 307 3098 sieut
315 3052 387 3110 ajunt.
418 3053 554 3100 Melanthon
567 3053 652 3098 delevit
666 3054 732 3110 sicul,
751 3059 776 3100 et
785 3053 807 3102 iu
822 3057 863 3102 due
877 3055 1003 3118 scriptitatis

135 3109 207 3168 loqui:
225 3109 275 3156 hinc
282 3109 370 3156 videtur
379 3111 457 3158 Rivius
466 3110 572 3159 srmslsse.
604 3113 649 3160 Sed
658 3112 696 3160 alii
705 3114 784 3173 secere,
794 3115 833 3174 sic,
843 3119 870 3164 ut
883 3116 951 3176 ajam
961 3121 999 3178 pli.

130 3193 141 3202 -
151 3193 162 3202 ·
171 3169 239 3228 loqui,
251 3183 310 3230 quae
319 3168 399 3216 deinde
408 3175 497 3232 recepta
505 3171 572 3219 lectio
580 3171 629 3219 luit.
667 3229 669 3234 ,

163 3245 186 3278 '¹⁵
200 3246 227 3292 ira
236 3247 333 3306 quom
347 3248 460 3310 epistola]
483 3251 508 3297 ln
522 3250 564 3308 his,
582 3266 639 3313 quae
653 3255 737 3310 extant,
750 3253 805 3302 nihil
820 3255 867 3302 tale
882 3257 998 3319 reperitur.

133 3304 166 3352 nt
175 3305 204 3350 de
216 3310 266 3350 tota
280 3321 307 3351 re
321 3305 408 3352 dubitat
424 3307 542 3365 Corradus,
559 3325 588 3357 an
606 3311 654 3358 tale
667 3311 721 3374 quid
738 3313 760 3360 in
776 3313 875 3374 epistolis
890 3317 1001 3378 scripserit

133 3361 305 3432 Demosthenes,
321 3370 361 3410 aut
377 3365 456 3412 Cicero
471 3373 538 3425 recte,
554 3383 611 3430 quae
627 3371 721 3431 dixerat,
730 3373 860 3436 perceperit.
890 3374 999 3424 Rationes

134 3425 184 3469 runt
192 3437 207 3467 a
215 3423 306 3470 silentio
315 3424 435 3484 Plutarchi,
446 3425 530 3476 Laertii
539 3433 563 3474 et
572 3427 647 3476 Gellii.
661 3431 664 3436 ’

169 3586 243 3628 von.
266 3587 315 3628 rrr.
559 3573 615 3630 ,a
