2444 4192
334 400 525 452 omroamu
540 398 766 452 elarrurouae.
930 409 990 471 3⁰1

117 554 216 606 utrum
229 547 324 623 potius
344 553 479 624 sequatur
499 549 611 624 judex:
632 550 665 609 in
692 549 844 609 contrariis
871 551 994 626 scriptia,

118 650 219 705 utrum
231 647 323 722 magia
336 648 376 705 ait
389 649 643 722 comprobandum.
715 680 719 688 ,

163 743 347 821 Disceptatio
357 753 455 806 autem
470 765 536 806 eum
546 753 592 806 ert
600 747 769 818 constituta,
788 746 809 780 ⁵¹
818 747 996 823 propositum

122 859 189 901 eoae
202 845 290 903 debet
302 846 417 915 oratori,
431 865 487 922 quo
507 865 618 905 omues*
629 847 903 922 argumentationes,
922 844 943 878 ⁵⁵
953 864 997 904 re·

120 941 233 1017 petitae
247 961 285 1001 ex
299 945 471 1004 inveniendi
484 946 566 1014 locia,
578 945 779 1020 conjiciantur.
801 947 887 1019 Quod
897 961 995 1021 quam·

121 1057 211 1116 quam
224 1042 293 1101 satia
307 1047 352 1100 eat
364 1043 462 1123 ei,.qui
471 1043 561 1112 videt,
572 1044 640 1119 quid
654 1045 685 1102 io
695 1062 806 1120 quoque
820 1046 885 1126 loco
895 1047 1011 1112 latente

120 1141 228 1216 quique
241 1141 306 1200 illoa
326 1145 416 1212 locoa,
436 1148 581 1218 tamquam
606 1145 755 1201 thesauros
782 1142 893 1219 aliquos
915 1161 995 1218 argu·

119 1246 293 1309 mentorum,
306 1246 422 1299 notatos
436 1243 540 1298 habet:
562 1245 661 1299 tamen
674 1259 718 1310 ea,
732 1259 806 1318 quae
820 1247 888 1300 suut
900 1246 993 1303 certa·

118 1355 185 1396 rum
211 1355 362 1398 causarum
390 1339 513 1414 propria,
541 1345 700 1416 tangemur.
756 1341 792 1399 lu
825 1329 1046 1416 conjector-affl

118 1435 218 1510 igitur,
232 1453 299 1497 cum
312 1444 357 1496 eat
370 1438 402 1496 iu
415 1438 568 1497 initiando
582 1456 656 1508 reue,
670 1439 834 1498 accusatori
847 1441 922 1500 haee
935 1443 993 1500 (luo

117 1533 217 1608 prima
243 1541 322 1607 sunt3
341 1533 406 1615 (sed
431 1543 629 1598 accusatorem
656 1557 708 1613 pro
734 1539 815 1598 omni
837 1544 935 1600 actore
962 1544 993 1598 et

119 1632 247 1707 petitore
255 1637 385 1710 appello:
406 1642 523 1710 possunt
544 1637 624 1695 enim
649 1638 739 1695 etiam
756 1637 851 1694 ⁵⁰siue
873 1653 994 1695 acuon·

120 1736 185 1790 tore
206 1733 236 1790 in
256 1734 350 1793 causis
371 1735 444 1794 haec
464 1737 567 1793 eadem
593 1733 856 1792 controversiarum
882 1751 992 1809 genera

120 1833 233 1890 versari
243 1829 265 1911 ς)
285 1835 338 1890 sed
354 1835 428 1893 haec
442 1833 500 1891 duo
513 1838 580 1891 aunt
593 1832 622 1890 ei
633 1832 733 1908 prima,
747 1849 835 1891 causa
854 1837 885 1890 et
904 1851 994 1891 eveo·

118 1934 177 1988 tua.
219 1931 346 1990 Causam
360 1934 484 2006 appello,
498 1931 640 1990 rationem
660 1931 824 2001 efficiendi;
845 1936 993 2000 eventum,

119 2028 162 2098 id,
177 2029 253 2104 quod
266 2033 310 2088 eat
323 2030 468 2090 effectum.
511 2031 608 2106 Atque
622 2029 685 2104 ipsa
710 2030 825 2108 quidem
844 2027 865 2066 '¹
875 2029 992 2104 partitio

120 2144 274 2186 causarum
287 2128 385 2203 paullo
397 2135 466 2188 ante
478 2131 511 2188 in
525 2128 665 2187 suasionis
680 2128 753 2186 locis
765 2128 917 2192 distributa
934 2131 990 2186 eat.
1006 2171 1010 2180 .

122 2227 209 2301 Quae
222 2227 346 2286 enimin
359 2229 483 2288 consilio
496 2228 638 2303 capiendo
661 2227 748 2287 lutari
761 2226 898 2301 temporie
911 2243 992 2300 prae·

119 2326 312 2400 cipiebautur,
326 2329 510 2404 quamobrem
528 2332 577 2385 out
590 2327 746 2386 utilitatem
759 2325 927 2384 viderentur
940 2326 990 2386 lra-
1005 2369 1011 2380 ,

118 2425 225 2494 bitura,
238 2431 287 2482 aut
300 2426 445 2485 efficiendi
459 2427 635 2493 facultatem,
649 2427 760 2491 eadem,
778 2425 828 2498 qui
849 2426 886 2484 de
910 2425 991 2482 lacto

121 2523 376 2600 argumentabitur,
384 2523 522 2596 colligere
532 2521 659 2589 debebit,
670 2523 856 2596 quamobrem
866 2525 897 2578 et
907 2521 991 2578 utilia

121 2622 274 2697 illi‚quem
287 2626 396 2695 arguet,
416 2622 514 2689 fuisse,
528 2623 559 2677 et
571 2621 609 2677 ab
633 2636 670 2677 eo
693 2619 770 2676 effici
794 2618 921 2704 potuisse
942 2621 990 2678 de·

121 2724 272 2782 monstret.
314 2719 457 2778 Utilitatis
476 2717 676 2792 ⁵‘conjectura
700 2723 840 2786 movetur,
861 2718 887 2777 ai
909 2719 991 2787 illud,

123 2821 200 2897 quod
213 2819 348 2894 arguitur,
372 2822 421 2875 aut
440 2835 491 2891 spe
512 2819 657 2884 bonorum,
680 2820 731 2873 eut
753 2817 892 2902 malorum
911 2822 991 2874 metu

123 2921 227 2980 secisse
241 2917 363 2976 dicitur:
384 2917 459 2991 quod
479 2915 512 2976 fit
536 2914 638 2982 aoriuo,
665 2931 722 2990 quo
742 2915 795 2972 illa
819 2913 851 2972 ia
871 2919 990 2992 utroque

153 3075 176 3109 ει
187 3069 535 3132 murmurmurmur.
578 3067 623 3122 sic,
633 3082 677 3114 nm
684 3067 798 3125 mea,
809 3067 926 3126 egenam
933 3081 988 3126 esse,
1005 3055 1008 3066 “

122 3129 320 3195 temperjurlieavi.
351 3131 384 3178 llt
392 3129 423 3178 aio
438 3129 522 3176 habent
561 3141 579 3173 a.
590 3126 639 3173 vit.
649 3127 685 3172 etl.
696 3126 754 3173 Vn.

152 3213 174 3246 ⁵⁵
188 3210 289 3268 repetitae
304 3223 331 3256 ao
346 3207 476 3255 incorrimdi
493 3207 552 3253 locis.
595 3205 694 3262 Sicuon
708 3204 856 3262 incollocata,
865 3209 891 3252 ut
907 3205 990 3254 habent

119 3268 212 3332 vulgati,
223 3267 311 3328 scripsit
320 3266 407 3314 Cicero.
430 3266 466 3312 aie
475 3265 545 3313 hebet
589 3281 605 3311 r.
615 3263 645 3312 V.
655 3264 690 3312 ed.
699 3263 756 3312 Ven.
768 3263 822 3312 Alo.
832 3263 895 3312 Juut.
913 3263 936 3311 id
951 3278 989 3311 vo

125 3343 176 3376 rum
183 3341 238 3384 erae,
248 3327 339 3388 quiaque
348 3324 444 3371 monitus
452 3323 528 3372 atatim
537 3323 626 3372 maer.

151 3407 173 3440 ⁵⁶
187 3403 384 3463 sturemare]
406 3401 455 3450 Me.
467 3402 495 3450 lt.
506 3403 705 3462 &commotione
714 3403 773 3464 quod
782 3415 859 3450 verum
868 3415 916 3449 ease
925 3404 987 3462 puto.

153 3623 175 3656 ὅ·
189 3621 330 3681 martura]
362 3619 406 3667 lld.
417 3619 475 3666 ven.
494 3623 514 3666 et
523 3633 565 3680 pro
574 3619 645 3684 amoc
656 3617 714 3678 quod
728 3617 765 3664 laio
778 3625 831 3662 naa
840 3611 1001 3664 daddaratu'rl'

126 3681 168 3732 aa
174 3681 234 3730 caim
243 3680 285 3727 hoc
291 3679 386 3727 alterum
395 3681 554 3741 praeceptum
