2444 4194
492 321 634 378 aaaron:
932 329 996 392 153

123 481 222 536 auum
236 473 352 534 etiamsi
371 475 547 554 quorundam
568 473 686 550 grandis
706 477 737 531 et
756 475 858 567 oruata
875 490 936 531 vox
949 476 994 535 est

123 575 284 652 podatum,
295 579 394 633 umen
407 573 439 632 in
453 592 489 631 ea
501 591 569 632 eum
583 572 736 631 licentiam
750 575 845 629 statuo
859 570 995 644 mojorem

125 691 199 742 esse,
224 690 309 748 quam
333 673 365 730 in
392 671 485 739 uobis,
509 671 709 732 faciendorum
727 669 996 745 jungendorumque

119 775 288 840 'verborum,
299 778 360 829 tum
370 771 459 828 etiam
477 768 499 803 ⁴⁷
507 772 710 829 nonnullorum
721 767 865 844 voluptati
875 769 997 829 vocibus

126 871 227 946 magis,
241 888 327 947 quam
339 872 422 928 rebus
442 867 615 927 inserviunt
656 869 723 927 Neo
737 887 818 938 vero,
832 869 858 926 si
871 867 941 944 quid
954 871 1001 928 est

127 988 217 1030 uuum
230 971 368 1028 intereos
382 969 487 1037 simile,
498 965 542 1047 (id
557 973 655 1027 autem
665 968 870 1042 estjudioium,
880 967 999 1026 electio

129 1087 184 1144 que
197 1066 363 1146 verborum)
376 1073 529 1144 propterea
542 1071 704 1126 ceterorum
717 1084 811 1124 rerum
825 1066 1000 1142 dissimilitu-

129 1170 169 1226 do
181 1167 309 1244 intelligi
322 1185 382 1226 uou
396 1171 510 1241 potest:
531 1166 583 1224 sed
595 1165 627 1222 id
640 1183 697 1224 neo
717 1165 835 1224 dubium
849 1170 902 1233 est,
915 1171 954 1234 et,
975 1165 1001 1222 si

130 1267 199 1344 quid
213 1269 302 1325 habet
314 1265 505 1342 quaestionis,
519 1266 575 1322 hoo
595 1269 693 1324 umen
707 1263 801 1339 ipsum
821 1266 858 1322 od
872 1265 911 1332 id,
925 1263 1001 1340 quod

125 1366 303 1442 propositum
318 1371 371 1434 est,
385 1383 444 1423 uon
464 1369 509 1422 est
529 1363 735 1421 necessarium.
779 1363 934 1437 Sejunetus
947 1363 1000 1438 igi·

130 1469 178 1524 tur
192 1470 288 1522 orator
301 1482 319 1521 a
332 1465 565 1538 philosophorum
578 1462 753 1538 eloquentia,
767 1479 785 1519 a
798 1463 999 1536 sophistarum,

130 1569 171 1624 ab
186 1565 395 1633 historicorum,
409 1583 427 1622 a
439 1563 598 1640 politorum,
617 1561 837 1638 “explicandus
848 1567 893 1620 est
906 1562 1000 1630 uobis,

132 1665 228 1742 qualis
242 1664 350 1722 tuturus
363 1662 409 1721 sit

172 1763 238 1822 Erit
250 1763 484 1840 igitureloquens
505 1761 596 1842 (huno
619 1763 707 1832 enim,
720 1767 838 1821 auctore
860 1761 1002 1828 Antonio,
1012 1769 1051 1828 21

131 1860 307 1940 quaerimus)
328 1861 363 1930 is,
390 1863 494 1937 quiin
520 1864 591 1931 toro,
617 1863 769 1937 causisque
796 1861 935 1919 civilibus
961 1860 1004 1917 ita

132 1959 223 2026 dieat,
237 1965 270 2017 ut
283 1962 393 2032 probet,
416 1965 449 2014 ut
468 1961 606 2027 delectet,
631 1966 663 2017 ul
682 1961 789 2018 flectat.
810 1961 938 2032 probare,
956 1965 1005 2015 ue'·

131 2056 281 2116 cessitatis
293 2060 338 2113 est
351 2076 357 2111 :
372 2057 527 2123 delectere,
535 2056 700 2114 suavitatis:
715 2058 841 2124 flectere,
855 2056 1005 2114 victoriae.

124 2135 203 2216 *narn
218 2156 248 2212 id
260 2173 348 2212 unum
361 2173 400 2212 ex
414 2155 546 2214 omnibus
560 2156 598 2212 ad
611 2157 784 2216 obtinendas
798 2173 899 2214 causas
913 2161 1007 2230 potest

133 2255 298 2330 plurimum.
341 2253 400 2312 Sed
415 2260 483 2329 quot
496 2254 593 2312 officia
606 2255 737 2323 oratoris,
757 2260 799 2314 tot
819 2261 886 2313 suut
899 2272 1007 2331 genere

112 2388 117 2392 -
135 2353 263 2412 dicendi.
308 2353 421 2412 Subtile
434 2353 465 2411 in
479 2355 635 2426 probando,
649 2355 794 2413 modicum
807 2355 838 2414 iu
859 2358 1006 2418 delectan-

137 2454 185 2521 do,
212 2454 372 2510 vehemens
399 2452 431 2509 in
449 2452 611 2511 flectendo:
645 2453 676 2510 in
690 2472 747 2528 quo
772 2472 831 2512 uno
844 2455 891 2512 vis
911 2455 1006 2512 omnis

137 2551 257 2610 oratoris
278 2556 331 2608 est.
373 2551 477 2624 Magni
490 2550 577 2624 igitur
594 2550 710 2622 judieii,
724 2570 852 2610 summae
867 2553 955 2612 etiam
969 2552 1007 2610 la·

136 2651 255 2708 oultatis
269 2667 332 2706 esse
346 2648 464 2706 debebit
478 2650 640 2706 moderator
660 2650 720 2718 ille,
733 2651 859 2726 et-quasi
869 2656 1008 2726 tempera·

136 2755 181 2807 tor
195 2751 278 2823 hujus
293 2745 452 2822 tripertitae
466 2747 626 2804 varietatis.
648 2765 716 2806 uam
734 2756 763 2806 et
771 2749 927 2822 judicabit,
940 2750 1009 2823 quid

137 2849 242 2922 ouique
256 2865 328 2920 opus
342 2845 401 2914 sit3
421 2849 452 2901 et
464 2844 580 2917 poterit,
592 2862 770 2921 quocumque
784 2850 870 2905 modo
886 2851 1009 2921 postulo·

137 2947 181 3004 bit
194 2963 292 3012 causa,
306 2945 413 3002 dicere.
457 2943 518 3001 Sed
532 2949 575 3000 est
587 2945 781 3018 eloquentiae,
794 2945 869 3004 siout
889 2947 1008 3022 reliqua·

137 3061 200 3102 rum
214 3042 556 3110 rerum‚luudamentum,
566 3043 719 3116 sapientia.
753 3045 797 3102 Ut
806 3046 884 3104 euim
894 3047 924 3105 in
936 3048 1007 3120 vita,

137 3141 180 3200 sio
195 3140 227 3198 in
240 3141 381 3209 oratioue,
394 3141 469 3198 nihil
480 3127 531 3199 est¹
539 3141 694 3211 difficilius,
707 3160 803 3218 quam,
817 3145 884 3220 quid
895 3149 1006 3219 deceat,

166 3295 495 3357 *mittendariorum
512 3286 1008 3361 Aldusbeneprowtoaurieuldtwlaputi,

137 3471 372 3519 lonmrtensubene.
732 3481 736 3486 '

167 3549 189 3581 ⁴⁸
204 3549 350 3606 wirundus
358 3554 388 3597 est
401 3550 470 3597 stolis.
512 3553 594 3600 Orator
609 3554 716 3612 explicui
728 3569 772 3602 uon
788 3571 841 3602 sane
852 3556 909 3602 bene
924 3551 1010 3610 dieitur,

137 3607 218 3654 saltem
241 3607 374 3656 duriuscule.
418 3609 438 3655 C
478 3623 494 3656 o
517 3610 646 3660 Ciceronem
666 3613 776 3676 scriptino
795 3611 952 3672 mamutium
972 3617 1009 3660 att.

137 3665 225 3726 lapsus
235 3680 311 3712 caussa
320 3667 438 3730 inprouida
445 3672 486 3717 aa

178 3744 252 3785 vou.
275 3745 323 3786 ur.
563 3728 628 3790 14*
