2444 4192
209 329 272 388 262
327 288 332 298 ’
420 325 611 374 naumann
624 323 863 376 unanimorum:

207 487 385 546 generumve
405 477 511 545 partes,
527 478 560 530 ut
577 471 732 546 primordia
750 491 845 532 rerum
858 476 889 531 et
901 472 986 547 quasi
1000 489 1081 545 prae·

208 569 362 638 currentia,
376 570 407 628 in
421 571 521 646 quibua
533 570 610 628 inest
622 571 733 646 aliquid
747 571 924 646 argumenti:
938 574 972 628 ut
986 587 1085 627 rerum

209 669 423 736 contentiones,
436 668 504 743 quid
517 668 619 741 marius,
638 669 705 744 quid
719 686 779 743 par,
792 669 860 744 quid
878 668 977 726 minus
990 668 1039 735 sit,
1051 668 1084 724 in

210 767 313 842 quibus
326 771 375 824 out
390 771 508 824 naturae
522 784 626 835 rerum,
640 773 690 825 sut
702 768 855 825 tenuitates
869 771 1086 840 comparantur.

180 869 202 926 3
213 865 248 922 0.
263 866 299 922 P.
307 864 328 896 ¹³
336 864 517 924 Omnibusne
523 865 611 940 igitur
623 884 660 924 ex
670 865 713 922 bis
722 866 795 923 lonis
806 869 977 940 argumenta
987 880 1081 922 sume·

211 961 295 1021 mus?
325 964 360 1022 G.
375 965 409 1022 P.
421 965 515 1022 immo
529 981 600 1022 vero
612 963 800 1022 scrutabimur
813 969 844 1020 et
859 980 1032 1038 quaeremus
1045 979 1084 1020 ox

212 1062 363 1120 omnibus:
377 1063 429 1120 aed
442 1062 644 1121 adhibebimus
652 1061 804 1136 judicium,
817 1066 849 1118 ut
869 1061 950 1120 ievia
969 1077 1086 1134 semper

213 1159 388 1231 rejiaiamus,
407 1159 427 1192 ¹⁴
440 1177 655 1235 nonnumquam
669 1160 758 1218 etiam
777 1157 944 1218 eommunia
956 1163 1085 1232 praeter·

213 1257 360 1316 mittamus
377 1263 407 1315 et
420 1277 479 1316 nnn
501 1259 673 1316 necessaria.
695 1260 730 1318 G.
752 1260 788 1316 P.
811 1257 956 1330 Quoniam
969 1259 1009 1314 de
1029 1258 1085 1315 tide

211 1355 394 1426 respondisti,
408 1359 478 1413 voto
490 1357 590 1413 audire
603 1359 640 1414 de
655 1362 742 1414 motu.
764 1357 800 1414 O.
815 1356 848 1413 P.
869 1356 952 1413 Loco
967 1356 1084 1429 quidem

212 1453 336 1527 quaeris,
348 1456 399 1510 sed
412 1455 527 1527 planius
540 1456 616 1528 quod
628 1455 675 1512 vis
683 1454 884 1528 explicabitur,
897 1470 967 1512 cum
976 1455 1016 1512 ad
1024 1469 1086 1511 ore·

212 1552 299 1610 tionis
311 1553 402 1626 ipsius
415 1552 672 1626 quaestionumque
685 1552 827 1630 rationem
842 1569 961 1609 venero.

251 1653 288 1712 O.
304 1653 339 1710 P.
355 1650 432 1724 Quid
452 1651 578 1725 sequitur
591 1646 698 1724 igitur?
719 1650 755 1707 Ο.
770 1649 804 1706 P.
827 1650 903 1707 (ium
922 1649 1083 1716 inveneris,

213 1753 374 1810 ooilooare:
394 1749 415 1782 ¹⁵
442 1743 549 1826 [oqjus]
571 1749 601 1806 in
622 1746 736 1806 infinite
756 1747 932 1822 quaestione,
945 1733 1082 1804 urdo'est

212 1851 290 1908 idem
303 1851 371 1915 sere,
385 1867 469 1922 quem
489 1847 619 1920 exposui,
633 1849 776 1906 lonorum:
797 1846 829 1903 in
848 1845 967 1904 definita
979 1849 1079 1902 autern

213 1950 377 2009 adhibenda
385 1952 449 2004 sunt
458 1947 509 2004 iiia
520 1946 618 2013 etiam,
637 1945 659 1978 ¹⁰
672 1962 745 2019 quae
754 1946 791 2002 ad
803 1949 912 2002 motum
921 1943 1084 2002 animorum

213 2047 368 2121 pertinent.
390 2047 425 2104 G.
438 2047 473 2102 F.
490 2046 641 2118 Quomodo
656 2043 742 2118 igitur
756 2043 811 2100 ists
821 2037 974 2115 explicas?
996 2042 1031 2099 0.
1049 2041 1082 2098 P.

215 2146 318 2202 Habeo
343 2144 508 2202 communia
528 2148 682 2216 praecepta
701 2142 787 2200 fidem
807 2141 933 2199 iaoiondi
954 2144 986 2197 et
1004 2157 1083 2198 eom·

94 2251 96 2254 '
214 2242 361 2296 movendi.
402 2241 548 2310 Quoniam
574 2242 645 2296 fides
673 2246 717 2296 est
744 2242 823 2298 firma
850 2239 967 2312 opinio:
989 2247 1082 2296 motus

214 2341 320 2404 autem,
334 2336 425 2394 animi
435 2336 570 2395 incitatio
590 2342 640 2395 nut
654 2340 690 2396 nd
702 2341 891 2411 voluptatem,
902 2343 955 2395 aut
973 2340 1012 2394 ad
1026 2354 1084 2396 mo·

215 2436 338 2504 iestism,
361 2443 411 2493 aut
437 2437 474 2493 ad
498 2441 618 2505 metum,
641 2438 742 2494 autad
762 2436 969 2510 cupiditatem:
990 2433 1081 2513 ιτ(ιοι

215 2535 368 2594 enimsunt
382 2541 475 2594 motus
484 2554 601 2609 genera,
614 2541 710 2610 partes
728 2537 822 2608 plures
836 2551 976 2609 generum
989 2534 1084 2609 singu·

214 2631 336 2711 lorumz)
355 2651 472 2692 omnem
492 2635 718 2692 ooiloeationem
731 2635 768 2691 ad
788 2634 875 2694 finem
895 2635 1084 2692 accommodo

244 2787 267 2821 ¹³
282 2787 421 2836 Omnibusne
430 2787 545 2846 igiturex
558 2788 580 2834 Ιι,
592 2789 622 2850 i]
651 2788 699 2836 Ma.
711 2788 741 2835 V.
761 2787 826 2834 abest
844 2788 925 2847 igitur.
951 2791 1030 2836 contre
1048 2786 1085 2834 ed.

215 2849 272 2896 Ven.
285 2848 349 2894 addit
356 2851 558 2910 postremparente
568 2862 686 2894 eumenus.
719 2849 779 2895 idem
787 2846 996 2894 missnensem.
1078 2879 1082 2887 -

241 2929 263 2960 ¹⁴
277 2941 300 2973 ιι.
312 2941 330 2974 ι.
342 2926 466 2973 ωιιιιιιιιιιιὶι
481 2927 711 2983 pratorniittnmnset
726 2940 771 2974 ιιιιι
787 2927 876 2986 neem]
907 2925 956 2972 Ma.
974 2924 1006 2972 V.
1026 2924 1085 2972 nete

215 2985 346 3042 ammonia,
357 2985 411 3031 item
421 2990 448 3041 at,
458 2985 518 3046 quod
529 2985 611 3046 piacet.
643 2985 776 3032 Communia
791 2985 813 3031 b.
831 2985 903 3031 bnon
918 2989 999 3030 sumta
1063 2987 1086 3030 et

213 3044 530 3102 videnturesseaginssatore
540 3044 721 3091 veiscnotiaste.
753 3043 981 3091 Etetiamabeetsd.
1015 3057 1051 3089 en.

242 3119 264 3151 ¹⁵
278 3119 352 3178 Catius
360 3121 387 3166 in
395 3121 439 3180 irp‘.
452 3122 485 3180 q]
515 3119 590 3180 thiso
599 3121 640 3169 int.
652 3120 811 3178 collocutionis,
822 3121 841 3168 ia
857 3126 932 3168 tomen
948 3120 1018 3167 lectio
1032 3134 1086 3168 sana

213 3179 261 3222 ent:
276 3189 328 3222 nam
336 3182 360 3223 et
369 3178 427 3225 Mas.
439 3181 546 3226 fluctuent
555 3179 578 3225 in
588 3181 611 3226 b.
624 3181 640 3226 l.
651 3185 675 3225 et
690 3194 766 3227 sensus
776 3195 820 3226 non
830 3180 882 3226 ratis
897 3180 1026 3226 oomnrodua
1044 3184 1084 3225 eat.

212 3234 272 3278 Nam
282 3233 329 3278 Eri.
341 3235 416 3289 iubet,
427 3237 590 3294 mqusirfinitu
599 3237 694 3296 modo
710 3243 746 3284 ert.
768 3239 843 3298 Cujaoe
852 3237 949 3285 arbitror
958 3251 1007 3284 erae
1016 3251 1085 3299 epure

211 3305 248 3338 um
257 3307 265 3350 ς
278 3304 323 3351 quo
332 3290 408 3338 deleto
416 3293 490 3339 omnia
499 3300 550 3341 aaut
561 3295 636 3355 pinna.

240 3369 261 3402 ¹⁶
274 3367 455 3439 &⁶me
462 3371 530 3431 Μ]
561 3371 641 3418 Sieed.
652 3373 711 3422 Vsu.
722 3374 790 3438 idque
801 3391 883 3424 uenum.
913 3339 975 3422 itam
989 3378 1015 3422 et
1028 3376 1085 3422 onte

212 3432 235 3477 et
243 3433 293 3491 port
302 3427 416 3486 angularis
430 3431 471 3473 eat.

239 3507 262 3544 ¹⁷
276 3507 606 3565 amnemamnem.
649 3511 727 3561 AM..
740 3513 769 3563 E.
781 3513 931 3572 aheim,
948 3509 1003 3558 αι’.
1022 3513 1081 3559 mut.

210 3566 264 3616 Post
274 3566 379 3615 ed.Ven.
396 3567 572 3616 tolintionsraud
663 3585 711 3632 aq.
