2444 4194
219 377 280 438 153
575 369 716 418 onasus.

217 519 290 593 ipso,
311 522 362 575 aut
375 533 503 575 novum:
524 523 573 574 aut
594 516 730 590 priscum,
753 520 783 572 et
806 514 988 572 inusitatum.
1031 517 1088 576 Sed

218 618 308 674 etiam
321 617 466 685 inusitata,
489 633 524 673 ac
546 615 729 688 larissaeum
743 617 775 674 in
789 615 921 688 propriis,
944 613 1003 672 nisi
1017 617 1090 691 quud

218 733 282 773 raro
296 716 408 773 utimur.
450 715 602 773 collocata
614 719 710 772 autem
723 717 813 770 verba
827 715 936 772 babent
951 722 1091 782 ornatum,

219 815 245 872 si
259 815 365 889 aliquid
378 813 586 871 concinnitatis
600 813 739 881 efficiunt,
759 813 835 888 quod
857 813 955 871 verbis
976 815 1090 871 mutatis

221 931 279 972 uon
293 918 421 981 maneat,
442 918 580 970 manente
594 912 750 970 sententia.
791 913 820 968 N
823 931 870 969 am
883 914 1092 971 sententiarum

222 1017 402 1080 ornamenta,
411 1031 484 1087 quae
500 1009 678 1086 permanent,
693 1011 809 1068 etiamsi
821 1013 912 1068 verba
926 1013 1093 1079 mutaveris,

221 1115 288 1168 sunt
301 1111 354 1169 illa
367 1111 483 1187 quidem
498 1113 648 1184 permulta,
667 1112 727 1177 sed,
748 1127 820 1184 quae
842 1110 1003 1179 emineant,
1027 1128 1093 1184 pau·

222 1211 311 1267 cisra.
352 1211 430 1284 Ergo
444 1209 495 1266 ille
510 1209 605 1267 tenuis
616 1215 719 1276 orator,
734 1209 819 1265 modu
833 1209 871 1267 sit
886 1211 1017 1282 elegans,
1039 1227 1093 1266 uec

222 1309 253 1365 in
276 1309 417 1366 faciendis
440 1309 537 1365 verbis
562 1309 617 1365 erit
644 1309 748 1374 audax,
776 1313 806 1364 et
833 1306 863 1364 in
888 1308 1094 1364 transferendis

223 1407 413 1473 verecundus,
439 1412 469 1463 et
493 1424 595 1480 parcus
617 1407 647 1464 in
669 1405 789 1479 priscis3
820 1405 993 1480 reliquisque
1014 1423 1095 1464 orna·

219 1504 328 1564 mentis
341 1509 371 1560 et
385 1506 537 1562 verborum
551 1510 585 1586 et
594 1505 803 1562 sententiarum
817 1505 983 1563 demissior:
1007 1509 1095 1562 trans·

223 1603 332 1662 latione
356 1603 475 1663 fortasse
499 1603 634 1672 crebrior,
660 1621 717 1677 qua
743 1602 975 1678 frequentissime
1003 1621 1096 1660 sermo

222 1703 317 1762 omnis
330 1703 419 1761 utitur
433 1719 491 1760 non
506 1703 591 1760 modo
605 1703 786 1770 urbanorum,
808 1703 859 1759 sed
873 1701 963 1758 etiam
977 1703 1095 1761 rustico·

223 1819 294 1860 rum.
315 1801 457 1876 siquidem
471 1806 516 1859 est
526 1819 632 1869 eorum,
639 1818 781 1876 germanae
788 1799 866 1869 uites,
875 1799 897 1832 ⁵⁷
905 1799 986 1856 sitire
1000 1816 1096 1876 agros,

224 1899 314 1960 factm
326 1918 385 1960 csse
397 1905 511 1976 segetes,
524 1897 831 1978 luwmosafiummta.
871 1897 891 1931 ω
900 1901 982 1976 Nihil
995 1902 1096 1958 borum

225 2019 325 2074 parum
335 2001 480 2068 audacter,
491 2001 542 2058 sed
553 2004 602 2057 aut
613 1999 707 2057 simile
717 2005 760 2056 est
772 1999 825 2068 illi,
836 2001 912 2057 unde
924 2000 1095 2057 transferas:

226 2105 283 2166 aut,
297 2099 322 2156 si
337 2117 382 2157 res
396 2118 480 2157 suum
494 2102 604 2157 nullum
625 2099 713 2156 habet
729 2117 844 2166 nomen,
868 2099 995 2156 docendi
1010 2115 1097 2156 cansa

223 2202 359 2263 sumtum,
374 2215 432 2254 non
448 2197 576 2263 ludendi,
597 2198 721 2254 videtur.
763 2197 828 2254 Hoc
842 2204 1015 2259 ornamento
1027 2197 1097 2254 libe·

224 2292 282 2348 rius
295 2293 401 2366 paullo,
424 2310 510 2366 quam
524 2295 639 2362 ceteris,
660 2301 756 2353 utetur
769 2297 818 2354 bic
832 2297 1019 2354 summissus:
1041 2313 1097 2354 nec

226 2393 285 2446 tam
307 2389 432 2448 licenter
451 2395 559 2460 tamen,
579 2410 664 2467 quam
678 2394 703 2450 si
717 2405 823 2469 genere
838 2395 956 2452 dicendi
971 2400 1098 2452 uteretur

171 2511 213 2570 25
225 2487 410 2564 amplissimo.
452 2489 554 2565 ltaque
567 2491 639 2549 illud
653 2493 819 2550 indecorum
841 2491 929 2571 (quod
943 2497 1030 2568 quale
1051 2494 1099 2563 sit,

225 2607 264 2646 ex
278 2589 384 2646 decoro
405 2589 493 2645 debet
506 2588 646 2668 intelligi)
669 2591 718 2648 bic
743 2611 854 2667 quoque
879 2597 1008 2666 apparet,
1030 2610 1098 2651 cum

226 2689 346 2744 verbum
370 2687 486 2761 aliquod
510 2688 595 2744 altius
620 2690 796 2757 transfertur,
819 2690 904 2765 idque
918 2691 949 2748 in
964 2691 1097 2749 oratione

226 2785 328 2844 humili
341 2785 465 2859 ponitur,
484 2788 560 2862 quod
573 2786 650 2844 idem
665 2788 696 2846 in
710 2788 767 2845 alia
780 2789 905 2846 deceret.
947 2789 1036 2846 lllam
1049 2807 1098 2846 au·

225 2890 286 2943 tem
312 2885 552 2953 concinnitatem,
588 2903 660 2961 quae
695 2889 847 2944 verborum
871 2889 1097 2947 collocationem

224 2981 369 3041 illuminat
391 2983 435 3041 bis
456 2984 621 3052 luminibus,
649 2988 721 3060 quise
749 2986 857 3044 Graeci
883 2987 965 3061 quasi
986 2987 1098 3061 aliquos

225 3085 322 3152 gestus
343 3081 490 3150 orationis,
514 3097 629 3150 aarum
652 3085 807 3158 appellant,
830 3081 917 3162 (quud
938 3085 1019 3142 idem
1034 3105 1097 3144 ver·

255 3229 355 3298 ⁸⁷'a'tire
362 3233 445 3292 ugron]
476 3233 519 3280 Ed.
533 3233 592 3280 Veu.
603 3234 713 3284 losduire.
730 3237 815 3296 melius,
832 3241 858 3286 ut
867 3238 953 3300 opinor.
970 3255 1024 3288 nam
1036 3242 1099 3290 titire

225 3291 260 3333 cst
269 3291 389 3348 pobburm,
400 3291 491 3337 lascivia
500 3293 529 3338 de
538 3291 603 3350 agris,
613 3295 727 3353 pecoribus
736 3297 805 3344 etiam
814 3298 882 3356 vulgo
890 3297 1013 3346 diealratur.

255 3367 277 3400 ⁵⁸
292 3362 360 3411 Nau
373 3366 534 3415 horum--scd
543 3371 599 3439 aad]
639 3371 731 3420 Horam
748 3381 822 3437 potest
841 3373 916 3422 referri
936 3377 965 3422 ad
985 3379 1098 3440 exempla,

226 3439 283 3488 quae
293 3423 439 3486 praecedunt:
456 3428 495 3474 sed
512 3441 564 3488 qura
582 3431 696 3490 sequentia
709 3449 753 3480 non
770 3434 913 3492 fcruntsatis,
934 3436 1013 3483 melius
1024 3435 1098 3483 estad

226 3489 298 3534 totum
308 3497 374 3544 genus
384 3484 474 3555 referre.
500 3485 609 3548 Quicquid
619 3503 646 3536 err
656 3488 697 3535 illo
705 3507 786 3550 genere
792 3494 879 3550 dicitur,
888 3493 956 3540 babet
966 3495 1100 3556 plemmque

226 3545 321 3593 multum
338 3543 445 3590 sudauae
460 3559 483 3591 ιιι
492 3547 657 3594 transferendo:
673 3551 710 3595 sed
724 3555 799 3598 tamea
808 3553 885 3608 fertur,
901 3553 954 3613 quia
970 3562 1010 3600 aut
1020 3553 1099 3600 nititur

227 3605 343 3676 perspicua
352 3601 503 3675 similitudine,
514 3608 553 3652 aut
563 3605 615 3668 quia
622 3608 739 3656 necessitas
750 3611 832 3670 coegit.
864 3611 907 3660 Hic
918 3616 953 3658 est
962 3627 1038 3660 seusus
1046 3612 1098 3672 loci,

228 3677 243 3708 a
252 3662 364 3710 brevitate
374 3662 507 3711 subobscura
528 3709 534 3718 ,
