2436 4192
463 323 588 374 norton
890 331 956 394 243

128 471 284 532 Proximus
297 475 343 531 est
354 471 435 530 locus
448 489 543 530 rerum
556 469 754 541 efficientium,
767 489 840 548 quoe
851 471 957 536 causeo

87 573 291 645 appellanturt
312 571 419 630 deinde
432 588 526 629 rerum
536 571 704 630 effectarum
718 575 755 630 ab
769 571 960 634 efficientibus

88 669 193 727 ceusia
246 671 356 728 Harum
381 673 526 745 exempla,
556 675 589 728 ut
622 670 796 746 reliquorum
823 673 962 740 locorum,

6 769 9 788 ⁵
92 769 188 840 paullo
201 772 271 826 cute
282 767 374 842 posui,
389 769 547 844 etquidem
560 787 599 826 ex
616 770 682 842 jure
696 769 796 828 civiti:
817 770 869 827 sed
886 771 962 826 hacc

93 869 193 939 patant
216 867 313 924 iatius.
354 868 513 926 Causarum
535 867 623 942 igitur
649 887 765 942 genera,
791 870 849 926 duo
876 871 1013 960 sunt215

92 981 191 1032 unum,
213 967 288 1040 quod
311 965 343 1022 vi
367 983 418 1023 sua
434 966 474 1034 id,
495 967 570 1041 quod
594 968 647 1022 sub
668 983 703 1022 ea
725 967 886 1039 subjeetum
907 972 962 1034 est,

83 1060 105 1094 ⁸²
117 1067 199 1120 certo
215 1064 314 1133 efficit,
333 1069 365 1121 ut
377 1065 454 1139 ignis
468 1064 620 1121 accendit:
642 1067 774 1131 alterum,
788 1067 865 1140 quod
877 1063 899 1096 ω
912 1083 962 1121 na·

93 1165 185 1218 turam
206 1162 352 1232 efficiendi
376 1180 436 1219 non
457 1164 555 1230 habet,
568 1165 618 1220 sed
637 1164 701 1221 sine
723 1179 779 1237 quo
802 1163 880 1220 etiici
902 1181 963 1232 non

92 1261 201 1334 possit:
223 1265 264 1328 ut,
284 1262 308 1318 si
329 1261 392 1336 quis
413 1279 462 1318 aes
482 1279 600 1318 causam
623 1266 734 1318 statuae
758 1261 832 1319 velit
853 1261 961 1330 dicere,

88 1361 164 1432 quod
178 1360 240 1416 sine
259 1379 295 1418 eo
310 1379 369 1418 non
387 1361 477 1434 possit
491 1360 577 1417 effici.
619 1360 714 1433 Hujus
726 1359 841 1434 generis
863 1375 961 1418 causa·

88 1475 161 1524 rum,
188 1458 251 1514 eine
275 1477 331 1532 quo
352 1477 411 1516 non
429 1459 559 1526 efficitur,
582 1458 641 1516 alia
661 1463 728 1515 suut
756 1458 863 1532 quieta,
884 1458 961 1516 nihil

87 1556 218 1630 agentia,
230 1557 336 1614 stolida
345 1558 571 1632 quodammod03
592 1560 724 1624 uticona,
739 1563 861 1630 tempus,
872 1561 961 1614 mato·

91 1654 162 1720 riae,
178 1655 359 1723 ferramenta,
372 1660 407 1712 et·
425 1661 523 1713 cetera
546 1655 661 1729 generis
676 1655 819 1726 ejusdem3
841 1653 899 1710 alia
913 1670 961 1710 au·

92 1757 152 1810 tem
166 1750 187 1784 ⁶⁴
200 1754 434 1828 praecursionem-
454 1753 598 1828 quandam
615 1751 755 1808 adhihent
777 1752 813 1808 ad
836 1751 962 1808 efficien·

90 1853 168 1920 dum,
183 1857 213 1909 et
226 1853 367 1927 quaedam
381 1851 502 1908 afferunt
516 1868 568 1923 per
579 1867 611 1906 se
632 1849 811 1923 adjuvantia,
832 1848 888 1906 etsi
902 1865 963 1906 non

91 1949 266 2016 necessaria,
279 1955 312 2006 ut
324 1948 416 2005 amori
426 1948 592 2022 congressio
605 1965 721 2004 caueam
736 1947 872 2015 attulerit,
882 1963 962 2004 amor

92 2047 213 2121 flagitio.
255 2047 303 2102 Ex
325 2048 381 2103 hoc
408 2063 515 2119 genere
533 2063 700 2114 ‘causarum
727 2063 765 2102 ex
787 2045 961 2102 aeternitate

92 2145 293 2218 pendentium,
329 2144 419 2202 iatum
445 2162 463 2200 a
489 2144 597 2210 Stoicis
633 2145 766 2203 nectitur.
808 2145 907 2219 Atque
931 2147 963 2202 ut

93 2261 192 2302 earum
205 2261 365 2310 causarum,
378 2244 441 2302 sine
455 2243 556 2318 quibus
574 2244 649 2302 effici
665 2262 723 2302 non
737 2248 840 2318 potest,
854 2259 963 2318 genero

90 2343 200 2412 divisi;
222 2343 265 2400 sic
287 2344 376 2400 etiam
397 2343 585 2402 efficientium
608 2343 703 2401 dividi
716 2347 845 2416 possunt.
887 2343 963 2400 Sunt

92 2442 174 2499 enim
188 2441 263 2518 aiiae
277 2459 391 2508 caune,
407 2459 479 2514 quae
494 2445 580 2514 plane
595 2441 732 2507 efficiant,
746 2443 825 2497 nulla
839 2457 869 2495 re
885 2441 963 2513 adju·

90 2545 208 2604 vante:
230 2538 314 2605 aliae,
328 2555 401 2610 quae
425 2538 557 2610 adjuvari
581 2539 690 2595 velint:
712 2541 743 2594 ut
764 2537 907 2609 sapientia
925 2535 964 2593 ei·

92 2638 157 2696 ficit
172 2635 319 2708 sapientes
332 2636 395 2692 sola
406 2653 458 2708 per
470 2653 518 2691 ae:
540 2636 639 2692 beatos
654 2635 770 2702 efficiat,
784 2653 888 2703 necne,
902 2636 964 2692 sola

92 2754 145 2810 per
170 2752 212 2800 ee,
233 2732 364 2807 quaestio
384 2737 437 2789 est.
478 2732 575 2804 Quare
600 2750 667 2790 cunr
690 2733 721 2790 in
740 2732 967 2806 disputationem

95 2832 234 2890 inciderit
246 2848 335 2888 causa
358 2829 487 2888 efficiens
512 2829 620 2903 aliquid
643 2831 816 2897 necessario,
838 2830 902 2886 eine
915 2829 966 2888 du·

95 2930 236 2988 bitatione
247 2929 441 3004 licebit‚'quod
452 2928 574 2986 efficitur
584 2929 621 2984 ab
629 2945 664 2985 ea
673 2945 770 2996 causa,
781 2928 965 2986 concludere.

96 3029 172 3088 Cum
185 3032 282 3086 autem
296 3028 350 3085 erit
364 3028 430 3086 tolia
444 3045 541 3096 causa,
555 3032 587 3084 ut
600 3025 632 3084 in
644 3044 680 3084 ec
694 3041 752 3084 uon
765 3027 804 3085 eit
818 3027 965 3086 efficiendi
977 3064 1020 3125 1⁶

124 3183 212 3228 ⁰²rerto
222 3181 304 3244 efficit]
336 3182 481 3241 Vulgomale
491 3187 553 3229 certe.
570 3181 609 3228 sed
619 3182 650 3228 sio
658 3185 682 3228 et
691 3197 710 3228 o.
724 3184 758 3228 to.

125 3261 149 3292 ⁸³
163 3265 269 3306 autuman
288 3259 397 3320 efficiendi
405 3275 451 3306 raon
466 3261 546 3322 hebet]
577 3259 615 3307 Sic
630 3259 680 3306 edd.
692 3275 725 3322 pr.
743 3275 787 3307 non
803 3260 886 3318 11on
905 3261 965 3323 quod

97 3317 169 3364 ionum
188 3334 231 3365 non
241 3319 316 3366 habet.
348 3318 407 3369 outa
424 3319 446 3364 in
454 3320 526 3364 altero
535 3319 635 3366 membro
652 3323 686 3366 est
693 3320 765 3376 aad,
781 3319 841 3382 prius
849 3321 870 3366 ei
880 3333 965 3366 accom·

97 3377 228 3432 modavere:
244 3377 313 3425 sedin
320 3377 392 3424 attero
398 3391 442 3423 non
451 3377 484 3424 ita
490 3391 531 3438 pro
537 3381 598 3424 certo
606 3377 772 3439 pronunciatur:
790 3377 965 3426 cotoneorum

95 3455 135 3486 surr
149 3456 175 3487 ιιι
191 3439 285 3488 immor.

126 3520 333 3576 ttpraeccrstenen
346 3537 366 3582 q.
376 3520 487 3581 adiurat]
504 3520 644 3584 exquisitein
654 3521 677 3567 h.
688 3521 704 3568 l.
731 3535 756 3568 ιο
766 3521 854 3578 hubent,
864 3513 966 3579 quatita

100 3577 225 3637 Pffiefflffl⁰
234 3580 334 3638 fl‘h'uvat
364 3581 423 3634 Mox
432 3581 579 3642 prowm!
588 3580 636 3628 Μι.
646 3580 677 3627 V.
684 3537 788 3641 ώξηιιιι.
