2436 4192
496 325 618 418 Tobios.
714 446 718 456 Ἰ
923 376 985 435 249

116 521 233 594 tempus
247 509 336 576 affert.
375 515 535 576 ”Naturae
555 515 712 576 auctoritas
732 515 764 574 in
785 515 892 575 virtute
910 517 987 576 inest

116 617 266 675 mammet
279 617 310 674 in
324 621 453 690 tempore
469 620 566 674 autem
579 618 671 675 multa
683 619 759 683 sunt,
774 631 848 691 quae
867 615 987 674 afferant

117 713 330 782 auctoritatem,
339 713 499 789 ingenium,
512 731 592 788 opes,
605 719 695 782 aetas,
708 714 832 782 fortuna,
842 731 897 781 ars,
912 731 987 782 usus,

115 811 287 881 necessitas,
297 812 450 872 concursio
460 809 550 871 etiam
563 827 780 888 nonnumquam
787 829 881 870 rerum
891 811 988 870 fortui-

115 915 220 971 tarum.
260 912 340 970 Nam
359 915 390 969 ct
402 911 580 986 ingeniosos,
601 915 631 968 et
649 912 812 984 opulentos,
833 915 864 969 et
883 910 991 968 aetatis

115 1009 212 1087 spatio
223 1012 368 1084 probatos,
381 1011 495 1086 dignos,
508 1009 611 1085 quibus
625 1009 769 1078 credatur,
789 1013 908 1082 putant:
928 1026 989 1068 non

116 1113 198 1172 recte
211 1110 339 1177 tortasse,
359 1109 411 1166 sed
425 1107 507 1182 vulgi
520 1107 620 1182 opinio
637 1109 741 1168 mutari
755 1108 809 1166 vix
822 1112 930 1182 potest,
950 1109 988 1168 ad

116 1225 238 1284 eamque
250 1208 352 1266 omnia
373 1206 501 1280 dirigunt
520 1210 550 1264 et
563 1207 612 1282 qui
620 1207 764 1281 judicant,
782 1212 813 1264 et
826 1207 876 1283 qui
889 1207 988 1267 exuti·

115 1311 208 1364 mant
251 1306 309 1380 Qui
323 1305 403 1363 enim
417 1304 463 1362 his
476 1307 571 1373 rebus,
582 1322 651 1381 quas
665 1305 737 1374 dixi,
751 1308 910 1375 excellunt,
923 1306 987 1382 ipsa

115 1404 226 1480 virtute
237 1404 372 1470 videntur
385 1406 541 1462 excellere.
564 1405 624 1462 Sed
636 1404 753 1479 reliquis
767 1423 879 1482 quoque
889 1408 985 1474 rebus,

115 1519 191 1578 quas
204 1504 290 1560 modo
304 1503 483 1572 enumeravi,
497 1519 666 1579 quamquam
680 1504 763 1570 iniis
779 1507 859 1562 nulia
872 1505 986 1579 species

116 1600 235 1658 virtutis
254 1605 315 1658 est:
333 1607 430 1660 tamen
443 1601 587 1660 interdum
600 1604 785 1661 confirmatur
797 1604 878 1668 fides,
896 1603 922 1659 si
935 1607 985 1659 aut
1079 1625 1086 1627 ·

115 1715 163 1756 ars
172 1701 312 1774 quaedam
320 1701 483 1772 adhibetur;
498 1698 617 1774 (magna
628 1699 707 1757 enim
716 1704 760 1756 est
769 1699 814 1757 vis
825 1700 862 1756 ad
873 1716 987 1773 persua·

115 1800 253 1867 deudum,
267 1797 440 1876 scientiam)
455 1802 506 1856 aut
519 1816 599 1868 usus;
614 1800 783 1872 plerumque
796 1797 876 1855 enim
896 1799 987 1856 credi·

116 1902 164 1958 tur
187 1898 234 1965 iis,
261 1899 311 1973 qui
330 1898 444 1972 experti
471 1902 545 1955 sunt.
597 1896 685 1954 Facit
711 1896 801 1954 etiam
827 1897 987 1957 necessitas
997 1895 1040 1957 20

115 1997 216 2064 fidem,
230 2013 303 2070 quae
313 2013 380 2053 cum
393 2013 412 2053 a
424 1995 599 2069 corporibus,
607 1999 667 2054 tum
681 1998 718 2051 ab
731 1995 836 2054 animis
850 1998 987 2070 nascitur.

115 2097 198 2152 Nam
206 2095 583 2163 etverberibus,tormentis,
593 2095 655 2169 igni
663 2095 786 2170 fatigati,
796 2097 987 2170 quaedicnnt‚

117 2211 154 2252 cc
175 2194 291 2252 videtur
310 2193 418 2252 veritas
438 2194 502 2267 ipsa
520 2193 627 2263 dicere,
651 2200 690 2264 et,
712 2213 785 2276 quae
806 2213 824 2253 a
842 2199 986 2270 perturba·

116 2293 244 2351 tionibus
271 2293 362 2352 animi
388 2299 463 2362 sunt,
489 2294 597 2362 dolore,
625 2293 793 2368 cupiditate,
825 2295 985 2364 iracundia,

116 2381 208 2460 metu,
228 2393 295 2467 quia
308 2393 491 2450 necessitatis
506 2393 567 2450 vim
581 2394 699 2458 habent,
719 2393 842 2450 afferunt
863 2395 985 2451 auctori·

116 2497 211 2550 tatem
231 2495 261 2547 et
280 2490 375 2547 fidem.
418 2491 509 2562 Cujus
530 2491 643 2563 generis
666 2491 754 2546 etiam
776 2490 828 2546 itta
849 2496 925 2558 sunt,
946 2510 985 2550 ex

117 2591 223 2665 quibus
232 2604 446 2661 nonnumquam
454 2603 556 2643 verum
564 2586 995 2660 invenituspuaida,somnus,‹

116 2685 322 2764 imprudentia,
333 2684 503 2752 vinolentia,
517 2684 640 2742 insania.
669 2687 747 2743 Nam
761 2693 791 2744 et
804 2688 885 2761 pueri
898 2707 985 2763 saepe

116 2785 325 2844 indicaverunt
345 2783 463 2858 aliquid,
487 2785 524 2839 ad
546 2784 622 2857 quod
639 2784 806 2856 pertineret,
824 2786 935 2860 ignorit
956 2791 987 2844 et

117 2903 169 2959 per
183 2902 324 2952 somnum,
337 2883 449 2951 vinum,
470 2882 622 2950 insaniam,
636 2865 726 2940 multa
740 2899 826 2956 saepe
840 2885 987 2957 patefacta

118 2991 193 3042 sunt.
237 2983 324 3042 Multi
338 2982 427 3041 etiam
437 2983 468 3038 in
481 2999 526 3038 res
541 2981 654 3038 odiosas
669 2981 864 3054 imprudentes
877 2982 986 3042 incide·

111 3089 194 3151 'runt
214 3081 276 3139 ⁷⁰ut
296 3082 417 3139 Staieno
437 3098 529 3154 nuper
542 3079 667 3150 accidit;
688 3080 738 3155 qui
758 3097 794 3136 ea
807 3083 919 3140 locutus
932 3090 985 3156 est,

114 3181 203 3240 bonis
223 3180 294 3238 viris
308 3180 597 3248 subauscultantibus,
611 3180 721 3254 pariete
734 3179 913 3255 interposito,
927 3184 986 3259 qui·

149 3334 172 3368 Π
187 3333 326 3382 Noume-
335 3333 392 3380 ineat
405 3333 499 3380 mcime
487 3334 529 3439 x).
548 3333 606 3382 Mas.
617 3340 663 3381 tres
678 3334 866 3396 apudGruterum
880 3337 986 3394 omnimo,

120 3390 203 3452 iidque
195 3407 242 3453 pse
251 3393 345 3454 probat
355 3391 419 3438 arcet
429 3391 475 3438 Ms
543 3391 700 3455 Verumputc.
711 3395 750 3441 sed
764 3397 926 3456 parumreiert

149 3469 403 3550 ἨιιιιιῖιιιὶιπιηΗιι
391 3485 500 3532 cqoquue
514 3471 774 3531 vutrwoeuirtnssqjeo
791 3472 925 3519 sediulldv
910 3485 986 3518 veruna

120 3541 173 3586 esse,
174 3532 249 3576 docet
259 3527 339 3576 orabo
340 3544 379 3590 pro
388 3485 511 3576 cirenas
512 3531 563 3576 ad
574 3531 636 3577 Brut
648 3546 666 3578 c
678 3534 713 3580 68.
738 3531 798 3578 Edd.
812 3534 867 3576 v.ett
879 3529 989 3608 quaedam

120 3564 219 3645 Summo,
228 3587 310 3649 utipss
318 3588 376 3636 ven
635 3615 640 3638 ι

156 3706 226 3747 vor
248 3709 296 3747 ιιι.
562 3691 598 3746 22
609 3686 627 3722 ²*
