2444 4192
488 317 611 368 tortus„
917 327 980 390 255

113 465 216 543 quibus
229 467 369 526 utendum
383 465 455 526 loeis
476 466 524 525 sit.
565 467 595 524 N
597 483 645 526 am
662 465 771 539 judieii
783 466 849 526 linis
863 470 979 544 estius:

112 584 153 624 ex
167 583 224 640 quo
238 565 327 624 etiam
340 583 457 624 nomen.
496 565 578 624 Juris
591 570 689 624 nutem
710 571 806 642 partes
829 565 850 598 ⁸⁴
859 572 921 626 tum
933 587 982 628 ex·

109 664 233 739 positae,
256 669 316 723 tum
329 664 492 742 aequitatis.
534 664 726 724 Deliberandi
750 664 826 735 inis,
849 666 983 725 utilitas:

111 765 194 838 ouius
208 763 263 821 lrae
277 769 382 838 portes,
406 781 479 840 quae
503 765 590 823 modo
603 766 763 840 expositae,
787 783 882 824 rerum
895 783 983 840 expe·
1045 799 1050 802 -

113 863 274 922 tsndarum.
290 895 294 898 ·
315 863 505 922 Laudationis
519 862 595 932 finis,
618 863 771 922 honestas:
791 865 828 923 de
842 882 899 942 qua
911 864 984 922 item

111 967 156 1020 est
177 967 246 1020 ante
267 963 387 1022 dietum.
430 965 491 1022 Sed
516 963 653 1020 definitae
677 964 861 1038 quaestiones
885 982 904 1048 a
924 964 983 1023 suis

111 1078 240 1137 quaeque
260 1062 343 1131 loeis,
364 1063 447 1137 quasi
460 1061 591 1140 propriis,
604 1061 801 1131 instituuntur,
820 1063 853 1120 in
866 1079 984 1120 accusa·
1071 1063 1074 1068 '

111 1159 223 1220 tionem
235 1161 490 1235 defensionemque
504 1159 636 1234 partitae.
678 1162 714 1218 ln
724 1162 825 1236 qubus
839 1162 983 1220 exsistunt

110 1257 185 1317 haee
198 1276 315 1334 genera,
336 1263 368 1316 nt
381 1263 534 1318 aecusator
546 1275 699 1333 personam
713 1264 814 1334 arguat
826 1259 913 1318 laed:
933 1261 982 1318 de·

110 1357 210 1417 teneor
223 1358 332 1434 aliquid
342 1359 470 1433 opponat
480 1359 517 1415 de
530 1357 638 1416 tribuet
658 1363 708 1417 ant
721 1376 781 1417 non
791 1375 854 1417 esse
864 1359 982 1430 laetum,

111 1460 173 1524 aut,
187 1453 396 1525 sisitlaetum,
420 1457 499 1516 aliud
523 1456 678 1531 ejus't'eeti
700 1475 807 1516 nomen
835 1477 909 1528 esse,
933 1463 983 1516 aut

103 1553 174 1630 Jnre
188 1571 253 1612 esse
273 1553 390 1614 laetum.
431 1556 532 1630 ltaque
550 1560 600 1613 ant
613 1556 755 1624 infitialis,
768 1560 819 1613 aut
831 1557 982 1630 eonjeotu·

108 1653 179 1712 ralis
205 1652 298 1727 prima
332 1655 514 1728 appelletur:
547 1653 709 1736 definitive,
737 1656 852 1711 altera:
887 1654 982 1721 tertie,

110 1752 243 1829 quamvis
258 1754 410 1811 molestum
418 1769 526 1812 nomen
539 1751 596 1808 hoe
607 1750 654 1818 sit,
661 1750 837 1824 juridicialis
852 1756 982 1809 vocetur.

111 1850 224 1910 Harum
236 1868 386 1910 causarum
400 1851 515 1925 propria
528 1854 704 1924 argumenta,
725 1869 764 1908 ex
787 1851 823 1908 iis
837 1856 931 1930 sumta
943 1853 984 1910 lo-
994 1859 1034 1920 25

110 1949 166 2018 eis,
180 1949 460 2026 quosexposuimns,
471 1949 502 2006 in
516 1948 679 2022 praeceptis
696 1949 826 2006 oratoriis
837 1949 985 2024 explicata

110 2053 189 2107 sunt.
231 2047 381 2108 Relutatio
401 2052 498 2106 entem
522 2046 725 2112 accusationis
748 2047 780 2105 in
804 2066 860 2124 qna
880 2053 924 2106 est
937 2049 985 2108 de·

110 2145 206 2222 pulsio
219 2146 359 2216 oriminis,
381 2161 454 2225 quae
469 2147 584 2206 Graece
599 2159 668 2198 esen
681 2147 795 2216 dieitur,
815 2147 922 2206 Latine
936 2165 984 2223 ap·

109 2249 234 2321 pelletur
247 2251 356 2306 status:
377 2247 409 2306 in
423 2265 480 2324 qno
492 2247 615 2322 primurn
626 2247 734 2306 insistit
745 2247 827 2323 qussi
837 2248 874 2304 ad
884 2266 984 2324 repug-

110 2345 240 2404 nandum
252 2362 407 2422 congressa
421 2347 560 2404 defensio.
603 2349 701 2423 Atque
714 2347 805 2405 etiam
825 2345 858 2404 in
876 2347 984 2404 delibe-

110 2444 276 2502 rationibus
299 2449 330 2501 et
355 2445 568 2504 laudationibus
595 2445 685 2502 iidem
711 2445 856 2503 exsistunt
883 2449 981 2503 status.

112 2543 195 2601 Nam
208 2546 238 2598 et
261 2546 404 2616 negantur
425 2560 513 2616 saepe
537 2559 574 2600 ea
585 2543 688 2610 lutura,
708 2561 781 2617 quae
795 2544 832 2600 ab
845 2543 940 2618 aliquo
953 2543 986 2600 in

111 2639 262 2698 sententia
275 2637 355 2698 diota
368 2644 435 2697 sunt
448 2641 517 2708 sore,
536 2640 563 2698 si
575 2644 625 2698 aut
638 2641 757 2699 omnino
774 2641 837 2699 fieri
850 2659 910 2700 non
922 2659 985 2716 pos·

110 2741 190 2806 sunt,
215 2743 264 2795 eut
286 2737 349 2796 sine
373 2755 485 2796 summa
508 2737 677 2798 difficultate
699 2757 758 2798 non
780 2745 907 2813 possunt
949 2741 986 2798 ln

114 2854 172 2912 qua
186 2836 435 2911 argumentatione
450 2841 540 2894 status
551 2837 754 2910 conjecturalis
769 2837 892 2894 exsistit.
935 2839 987 2906 At.

113 2953 182 2993 ounr
195 2935 306 3010 aliquid
319 2937 356 2994 de
375 2935 515 3004 utilitate,
537 2937 701 3004 honestate,
715 2935 860 3012 aequitate
874 2933 987 2994 disseri·

113 3038 169 3103 tur,
183 3036 275 3109 deque
288 3033 325 3092 iis
335 3037 428 3103 rebus,
437 3051 511 3110 qnae
522 3035 559 3092 iis
567 3039 635 3094 sunt
647 3035 824 3093 contrariae:
838 3034 987 3096 incurrunt

112 3135 213 3200 status,
228 3137 278 3190 aut
285 3132 370 3207 juris,
383 3138 433 3192 aut
446 3134 573 3192 nominis
587 3155 594 3190 ε
614 3136 691 3210 quod
704 3135 783 3192 idem
793 3115 987 3210 contingit'in

113 3231 336 3290 laudationibus.
357 3233 445 3290 'Nem
459 3238 507 3292 aut
522 3233 623 3308 negari
636 3239 740 3307 potest,
755 3234 785 3292 id
796 3235 905 3293 laetum
913 3254 986 3304 esse,

115 3331 191 3404 quod
212 3332 361 3389 laudetur:
382 3337 506 3389 autnon
526 3334 700 3391 eonomine
724 3333 987 3408 adiciendumque

142 3483 166 3556 ⁸?
179 3455 229 3554 ium
237 3486 349 3544 mma
364 3491 412 3534 mm
428 3487 483 3548 Μ]
514 3485 559 3534 Pro
568 3488 686 3550 posteriori
697 3493 746 3538 tum
754 3487 777 3537 in
787 3489 823 3536 ed.
835 3487 893 3535 Ver,
905 3488 929 3532 et
937 3484 989 3530 rnl.

115 3544 172 3602 mss
180 3545 234 3592 nde
243 3545 273 3592 eb
281 3545 343 3596 Aldo
352 3546 447 3594 etJunt.
459 3549 493 3594 est
504 3560 561 3594 nrm.
