2444 4194
475 425 618 474 omaoa.
912 429 971 494 ror

100 559 293 644 philosophia
306 568 445 628 deterruit
457 587 475 629 a
492 572 646 630 scribendo
656 569 817 644 amplitudo
830 569 976 628 Plutonia:

104 685 161 726 neo
184 668 249 741 ipse
272 669 447 726 Aristotelea
470 669 633 728 admirabili
654 669 780 742 quadam
802 666 937 735 seientia,
950 672 980 725 et

104 766 203 839 eopia,
228 771 390 824 ceterorum
413 767 509 824 eludia
529 768 675 826 restinxit,
715 765 807 825 'Noe
830 767 924 823 solum
945 765 1012 832 abu

105 863 228 938 optimis
241 864 343 921 studiis
358 867 538 924 exoellenlea
552 863 610 923 viri
623 865 753 923 deterriti
768 883 826 923 non
839 868 917 934 aunt,
930 863 983 920 aod

107 977 147 1020 aa
160 961 283 1034 opilieee
296 962 412 1036 quidem
425 981 458 1020 se
471 963 580 1020 artibus
594 964 653 1021 auia
663 969 857 1031 removerunt,
871 963 920 1038 qui
934 965 985 1019 aut

108 1059 220 1133 Jalyei,
232 1075 318 1134 quem
333 1060 430 1118 Rhodi
445 1060 580 1128 vidimus,
593 1077 653 1119 nou
666 1065 831 1134 potiremini,
840 1065 889 1117 aut
903 1061 985 1118 Cone

110 1156 242 1215 Veneria
256 1158 482 1230 puleritudinem
494 1158 613 1216 imitari.
654 1159 721 1216 Nee
732 1158 886 1216 aimulooro
898 1157 985 1215 Jovn

110 1255 257 1329 Olympii,
270 1261 320 1314 aut
331 1255 500 1330 Doryphori
514 1261 608 1313 statuo
620 1255 760 1324 deterriti,
773 1255 876 1330 reliqui
889 1255 986 1313 minua

110 1351 229 1428 experti
242 1360 319 1422 aunt,
343 1353 412 1428 quid
425 1355 549 1422 efficere,
570 1359 620 1412 aut
632 1373 689 1429 quo
702 1355 834 1428 progredi
847 1359 986 1428 possent:

109 1469 236 1528 quorum
246 1457 328 1510 tanin
341 1451 494 1510 mullitudo
505 1452 569 1520 luit,
588 1453 710 1510 tantuin
723 1469 776 1510 auo
785 1453 923 1538 oqjuaque
936 1469 985 1527 ge-

109 1566 188 1608 nere
199 1551 273 1615 laua,
290 1555 330 1616 ut,
343 1565 410 1611 oum
423 1567 533 1608 summe
546 1553 723 1619 miraremur,
735 1551 872 1610 inferiora
884 1557 985 1608 tamen

111 1647 313 1720 probaremus.
361 1649 397 1704 ln
420 1649 578 1706 oratoribus
601 1667 681 1716 vero,
710 1649 832 1705 Graecis
859 1649 985 1722 quidem,

114 1744 357 1813 admirabilem,
374 1753 512 1822 qnantum
533 1747 611 1804 inter
629 1763 731 1803 omnes
752 1763 825 1804 unua
847 1749 985 1804 excellat.

118 1845 274 1911 Attamen,
303 1860 371 1902 oum
397 1851 475 1902 esaei
500 1845 724 1911 Demosthenen,
752 1845 836 1902 multi
862 1849 988 1901 oratores

113 1940 218 2014 magni
237 1946 269 1996 et
292 1941 365 1998 olari
376 1941 502 2006 luerunt,
523 1947 553 1997 el
576 1946 664 1998 antea
683 1942 805 2010 luerent,
818 1957 875 1998 noe
889 1946 990 2013 postea

114 2039 299 2095 deleeomnt.
342 2037 439 2106 Quare
454 2053 512 2093 non
526 2042 644 2103 esbour
656 2055 763 2105 eorum,
784 2039 833 2112 qui
851 2055 882 2094 se
897 2037 990 2096 studio

115 2133 306 2208 eloquentiae
322 2133 503 2201 dediderunt,
521 2152 588 2207 epea
601 2134 844 2210 infringatnnaut
861 2137 991 2209 languea·

116 2238 167 2292 eat
182 2230 334 2288 industria.
375 2231 405 2288 N
407 2249 454 2289 am
468 2249 561 2308 neque
572 2233 644 2292 illud
658 2233 761 2307 iprum,
771 2235 847 2309 quod
860 2239 906 2291 eat
918 2233 990 2308 opti·

16 2333 20 2344 '
118 2347 209 2397 mum,
228 2331 436 2402 desperandum
460 2336 522 2388 eet:
553 2337 584 2388 et
604 2332 636 2390 in
664 2333 873 2405 praestanlihua
897 2334 989 2400 rebus,

119 2444 228 2502 magna
242 2432 308 2485 aunt
322 2445 367 2494 ea,
389 2446 462 2502 quae
483 2434 551 2486 eunt
570 2429 688 2503 optimis
709 2430 849 2502 proxima.
892 2432 991 2504 Atque

118 2544 175 2602 ego
189 2527 221 2582 in
236 2543 347 2584 aummo
359 2531 471 2584 oratore
484 2529 620 2601 fingendo
639 2529 729 2585 talem
741 2525 911 2594 informabo,
925 2545 992 2602 qua·

118 2625 155 2684 lia
170 2624 291 2681 sortasse
305 2640 392 2681 nemo
405 2623 467 2681 luia
509 2625 579 2681 Non
593 2624 671 2680 enim
685 2641 800 2698 quaero,
821 2625 884 2699 quia
897 2624 991 2694 luerit,

118 2723 171 2779 aed
188 2722 258 2796 quid
271 2722 310 2778 eit
323 2721 405 2788 illud,
426 2736 483 2793 quo
506 2721 580 2778 nihil
600 2721 689 2793 possit
702 2739 767 2778 esee
779 2723 989 2797 praestantius:

121 2821 198 2896 qnod
212 2821 244 2876 iu
259 2819 452 2892 pemeluiloie
464 2819 583 2875 dioondi
607 2835 666 2874 non
688 2837 784 2892 saepe,
808 2824 893 2892 atque
915 2818 992 2880 haud

121 2919 185 2976 auio
198 2935 238 2976 an
259 2934 403 2991 umquam,
423 2914 476 2973 ³in
498 2915 595 2989 aliqua
615 2921 711 2973 autem
733 2921 814 2988 parte
832 2917 929 2972 eluoet
941 2915 992 2974 ali·

123 3017 249 3090 quando,
269 3015 348 3072 idem
369 3015 445 3087 apud
466 3013 539 3072 alioa
551 3013 679 3081 densius,
699 3015 774 3086 apud
787 3013 859 3070 alioa
873 3014 992 3073 fortasse

122 3113 223 3172 arim.
264 3114 324 3170 Sed
338 3129 394 3187 ego
406 3112 449 3170 sie
463 3117 569 3179 statuo,
587 3112 661 3170 nihil
675 3127 739 3167 ease
752 3112 784 3168 in
804 3114 864 3171 ullo
884 3131 991 3188 genere

124 3215 184 3270 lem
198 3213 340 3284 polorum,
359 3227 415 3286 quo
429 3229 487 3269 non
508 3211 633 3284 pulcrius
647 3209 677 3268 id
691 3209 738 3278 ait,
761 3211 837 3268 uude
859 3211 939 3282 illud,
959 3218 992 3273 nt

124 3326 162 3366 ex
174 3325 226 3366 ore
239 3307 347 3384 aliquo,
367 3309 449 3383 quasi
469 3310 576 3384 imago,
597 3310 782 3385 exprimatur,
809 3311 883 3386 quod
897 3329 991 3388 neque

149 3461 162 3494 ²
178 3461 227 3507 Nec
235 3460 452 3508 alam-nomm·
466 3475 513 3508 aon
525 3467 585 3519 nani,
595 3464 633 3509 aad
645 3477 673 3509 aa
682 3461 769 3520 opifices
778 3462 885 3524 quidem]
915 3463 992 3520 Nega·

125 3518 157 3566 tio
166 3521 224 3566 aliea
231 3519 255 3567 iu
266 3521 308 3566 bac
318 3521 395 3576 formo,
405 3535 442 3580 up.
459 3525 564 3582 aequente
572 3536 600 3568 ae
608 3522 704 3582 quddam,
719 3521 839 3568 omittitur.
851 3537 873 3568 v.
883 3521 949 3566 Clau.
968 3520 992 3565 in

124 3578 249 3624 marulo:
265 3591 359 3640 eamque
367 3577 484 3625 delendam
495 3585 556 3641 puto.

154 3657 201 3701 iia
210 3655 288 3714 olbam
295 3671 316 3701 a.
326 3671 347 3712 p.
360 3657 477 3714 dama,
487 3661 529 3704 etc.
572 3656 687 3704 Edidimua
701 3657 771 3703 elucet
779 3668 820 3716 pro
829 3656 927 3712 claren,
941 3663 994 3708 nanr

124 3713 493 3774 emilinadvuelourmhiebebere
546 3716 730 3776 omodopoteat.
