2444 4192
225 341 290 406 272³,
444 339 634 390 ominatae
648 341 871 398 recurrebas.
968 385 972 390 .

220 505 275 564 qua
289 507 375 562 supra
393 489 569 548 dictumest.
610 491 772 550 Probabilis
788 498 885 552 autem
898 492 964 561 erit,
984 492 1011 550 si
1024 507 1086 568 pen

221 587 309 656 sonia
332 588 358 646 si
377 589 561 662 temporibus,
581 589 606 646 si
628 590 700 646 locis
723 607 768 658 ea,
792 609 864 666 quae
887 595 1091 662 conabuntur,

221 687 423 744 consentient:
444 689 468 746 si
483 689 619 764 cujusque
637 688 707 746 lacti
727 695 758 746 et
775 690 875 748 eventi
891 707 982 748 causa
1001 709 1091 764 porre-

222 791 282 842 tur:
306 784 359 843 ⁸⁰si
382 791 487 843 testata
508 787 569 844 dici
593 787 775 856 videbuntur,
798 788 824 846 ai
844 805 911 846 curn
934 790 1089 848 bominum

220 884 367 956 opinione,
390 885 571 953 auctoritate,
593 886 618 942 si
638 903 704 942 cum
723 888 798 960 lege,
819 903 887 944 cum
906 905 997 956 more,
1023 906 1091 946 cum

220 982 360 1056 religione
374 984 549 1056 conjuncta:
570 983 595 1042 ei
609 984 735 1056 probitas
748 984 890 1042 narrantis
912 985 1089 1059 significabi-

221 1087 274 1149 tur,
294 1081 319 1138 si
333 1082 497 1157 antiquitas,
517 1082 702 1152 anemoria,
722 1083 748 1140 si
760 1083 898 1142 orationis
916 1084 1037 1152 veritas,
1057 1091 1087 1144 et

220 1183 300 1240 vitae
321 1185 401 1240 fides.
443 1183 548 1241 Suavis
564 1188 660 1240 autem
680 1183 805 1240 narratio
825 1188 878 1251 est,
900 1200 976 1257 quae
997 1185 1085 1243 babet

219 1283 432 1350 admirationes,
446 1280 688 1355 exspectationes,
702 1283 797 1340 exitus
808 1281 983 1355 inopinatos,
997 1283 1084 1340 inter·

217 1379 324 1452 positos
333 1387 427 1438 motus
438 1380 756 1454 animorumcolloquia
764 1382 1084 1453 personarumdolores,

217 1478 389 1547 iracundias,
414 1484 518 1545 metus,
545 1478 681 1548 laetitias,
709 1477 892 1552 cupiditates.
940 1479 1002 1538 Sed
1022 1480 1085 1554 ,jam

217 1575 235 1606 ⁵¹
247 1579 283 1634 ad
298 1576 406 1652 reliquo
419 1595 578 1652 pergarnus.

258 1677 293 1734 C.
309 1678 345 1734 F.
371 1679 485 1751 Nempe
507 1695 543 1734 ea
569 1683 733 1754 sequuntur,
760 1698 834 1755 quae
857 1681 894 1738 ad
918 1679 1083 1738 faciendam

218 1779 305 1836 fidem
319 1778 473 1850 pertinent.
515 1778 550 1836 Ο.
566 1779 599 1834 Ρ.
615 1781 661 1836 lta
674 1782 736 1835 est:
751 1797 824 1853 quae
838 1779 953 1854 quidem
966 1778 996 1834 in
1009 1795 1080 1836 con·

218 1877 410 1934 firmationem
428 1882 458 1933 et
472 1877 724 1949 reprehensionem
741 1878 919 1936 dividuntur.
959 1877 1037 1934 Nam
1049 1876 1084 1934 iu

219 1977 424 2043 confirmando,
444 1981 541 2033 nostra
561 1978 680 2049 probare
700 1979 850 2034 volumus:
879 1977 910 2034 in
931 1976 1084 2049 repreben-

217 2077 322 2143 dendo,
343 2079 511 2150 redarguere
531 2076 683 2152 contraria,
726 2076 870 2153 Quoniam
886 2075 973 2150 igitur
986 2091 1082 2141 omne,

216 2175 292 2246 quod
305 2174 336 2230 in
357 2167 585 2234 controversiam
604 2175 696 2244 venit,
715 2157 838 2233 liid”{a²up
853 2176 901 2244 sit,
921 2192 1017 2234 necue
1036 2173 1083 2240 sit,

214 2273 264 2328 ant
277 2270 344 2345 quid
359 2272 405 2340 sit,
419 2278 468 2329 aut
486 2277 570 2346 quale
584 2275 624 2328 sit
636 2275 798 2347 quaeritur:
817 2275 848 2330 ln
862 2275 955 2347 primo
964 2276 1083 2348 'conjec-

214 2375 278 2428 lura
291 2361 431 2438 valet,'in
445 2373 536 2428 allero
555 2370 695 2440 definitio,
715 2372 746 2431 iu
761 2372 846 2430 lertio
866 2373 950 2430 ratio.
993 2373 1028 2432 0.
1045 2373 1079 2430 F.
1098 2365 1115 2380 ‘

166 2457 204 2515 ¹⁰
216 2470 322 2528 Teneo
332 2470 417 2528 istam
431 2470 669 2528 distributionem.
700 2471 788 2530 Nunc
802 2472 989 2545 conjecturae
1003 2473 1083 2530 locos

215 2589 328 2646 quaero.
372 2572 406 2628 0.
422 2572 454 2627 Ρ.
477 2572 512 2628 lu
527 2570 741 2637 verisimilibus,
755 2575 786 2626 et
805 2569 970 2643 inpropriis
989 2587 1081 2628 rerum

214 2670 291 2728 notis
312 2669 404 2742 posita
419 2674 463 2726 est
476 2675 545 2728 tota.
589 2672 648 2727 Sed
661 2671 838 2743 appellemus
852 2669 978 2728 docendi
989 2669 1081 2744 gratia

216 2768 383 2836 verisimile,
397 2769 472 2842 quod
487 2771 650 2844 plerumque
665 2768 785 2826 itabat:
801 2772 842 2835 ut,
853 2767 1080 2825 adolescentiam

215 2869 418 2944 procliviorem
431 2887 494 2925 esse
505 2870 541 2925 ad
552 2868 711 2926 libidinem.
738 2867 874 2940 Propriae
885 2871 983 2924 autem
994 2871 1079 2924 notae

215 2975 421 3048 argumentum,
430 2969 505 3042 quod
514 2985 667 3040 numquam
678 2966 761 3024 aliter
769 2965 1081 3039 incertumquedecla·

215 3074 267 3134 rat,
279 3075 309 3125 ul
322 3069 414 3128 fumus
425 3068 531 3141 iguem.
561 3065 742 3124 verisimilia
756 3063 934 3137 reperiuntur
947 3082 986 3122 ex
997 3062 1082 3136 parti·

214 3166 266 3220 bus
274 3169 304 3220 et
312 3165 392 3238 quasi
402 3165 535 3222 membris
546 3164 724 3221 narrationis.
734 3181 769 3220 ea
780 3167 845 3219 aunt
856 3163 886 3218 in
897 3162 1037 3235 personis,
1048 3160 1079 3217 in

213 3261 296 3328 locis,
304 3261 334 3316 in
347 3263 529 3335 temporibus,
539 3263 570 3319 in
582 3261 714 3328 sactis,in
724 3261 849 3330 eventia,
857 3261 888 3318 in
900 3278 994 3318 rerum
1007 3259 1081 3336 ipsa-

244 3416 265 3450 ⁶⁰
279 3414 298 3462 εἰ
308 3413 476 3472 iniciendae]
502 3411 550 3458 Ms.
562 3414 590 3460 E.
602 3417 680 3462 tauta.

243 3501 263 3536 ar
277 3493 537 3556 ,preopapagomual
563 3494 677 3542 cavea
688 3499 829 3543 immunes.

243 3580 266 3614 ⁵²
280 3580 305 3627 id
314 3583 352 3626 aul
360 3575 407 3636 sia]
433 3577 517 3635 Margo
525 3576 562 3623 ed.
573 3576 630 3623 Veu.
639 3576 666 3621 id
674 3589 704 3621 on
712 3576 795 3623 amru.
808 3574 870 3622 bene.
