2474 4188
494 338 631 388 esurus.
957 296 1005 408 ρι’

126 477 320 544 sunderentur
340 494 447 560 genus:
468 491 508 556 ut,
522 487 547 544 si
569 505 625 561 ego
646 503 693 544 me
713 485 797 544 eM'.
812 487 913 546 Tullio
933 506 998 547 esse

126 584 269 653 dicerem,
283 585 333 660 qui
347 584 484 659 patricius
506 603 573 643 curn
597 585 703 642 Servio
726 584 859 659 Sulpicio
871 589 998 654 consule,

125 699 207 740 suno
221 703 243 741 x
258 690 322 758 post
336 689 458 741 exectos
479 702 561 758 reges
584 683 646 741 tuit.
687 684 810 743 Catonis
830 689 927 741 autem
940 701 999 742 ora·

123 781 223 839 tiones
246 801 305 840 non
328 781 422 840 minus
447 785 556 841 multae
577 800 666 839 verae
690 787 767 850 sunt,
790 799 876 857 quam
905 781 1000 840 Attici

126 879 256 952 Lysise3
278 881 361 954 cujus
372 881 494 938 arbitror
504 881 640 953 plurimas
653 893 726 938 esse.
767 882 822 939 Est
831 882 910 939 enim
924 879 999 938 Atti·

124 993 186 1045 cus,
201 977 341 1054 quoniam
354 985 444 1056 certe
457 978 583 1037 Athenis
602 984 647 1035 est
661 983 692 1036 et
709 984 803 1046 natus,
819 984 849 1037 et
862 983 999 1046 mortuus,

123 1082 152 1132 et
168 1076 289 1134 functus
303 1077 382 1134 omni
395 1075 506 1135 civium
517 1094 635 1134 munere
648 1097 660 1132 ι
676 1093 847 1151 quamquam
859 1075 999 1134 Timaeus

123 1192 203 1244 eum,
218 1175 302 1250 quasi
315 1175 433 1232 Licinia
447 1181 478 1232 et
500 1174 601 1233 Mucia
613 1176 687 1249 lege,
698 1174 806 1248 'repetit
828 1175 998 1247 Syracusas.

123 1272 164 1330 Et
183 1271 205 1304 ³¹
219 1275 343 1348 quodam
364 1275 451 1330 modo
472 1279 516 1331 est
538 1275 678 1330 nonnulle
699 1273 731 1330 in
755 1271 791 1330 iis
812 1273 901 1330 etiam
922 1273 998 1330 inter

127 1369 210 1444 ipsos
226 1371 392 1429 similitudo.
413 1371 491 1430 acuti
505 1377 580 1440 sunt,
594 1374 752 1446 elegantes,
765 1370 863 1439 faceti,
876 1372 993 1428 breves:

121 1471 177 1526 sed
188 1469 242 1527 ille
257 1470 387 1528 Graecus
400 1472 437 1526 ab
450 1471 529 1528 omni
543 1471 627 1528 laude
640 1470 761 1528 felicior.
804 1468 902 1528 Habet
916 1469 996 1527 enim

122 1573 226 1625 certos
253 1567 296 1629 sui
319 1569 471 1637 studiosos,
492 1568 540 1644 qui
564 1587 623 1626 non
647 1573 706 1628 tam
731 1569 846 1626 habitus
869 1567 996 1641 corporis

121 1665 250 1740 opimos,
258 1685 342 1742 quam
353 1667 531 1742 gracilitates
543 1671 761 1738 consectentur3
775 1684 855 1744 quos,
866 1665 998 1724 valitudo

121 1767 215 1823 modo
225 1767 303 1822 bona
316 1766 362 1834 sit,
378 1765 503 1822 tenuitas
514 1765 578 1838 ipsa
596 1764 760 1824 aedelectet.
780 1783 950 1840 quamquam
963 1765 996 1822 in

120 1862 222 1938 Lysia
235 1882 323 1937 saepe
337 1867 404 1921 sunt
417 1864 505 1921 etiam
519 1864 629 1931 lacerti,
640 1864 683 1922 sio
697 1870 729 1921 ut
743 1864 805 1922 fieri
819 1863 894 1921 nihil
907 1862 998 1935 possit

72 2025 78 2040 ,
120 1961 294 2020 valentius:
316 1977 416 2017 vemm
430 1965 474 2017 est
492 1967 572 2017 certe
586 1980 691 2035 genere
705 1967 765 2018 toto
778 1960 934 2034 strigosior‚
947 1961 1000 2016 sed

118 2060 218 2112 habet
234 2063 332 2110 tamen
345 2075 415 2110 suos
426 2059 596 2122 laudatores,
609 2059 659 2128 qui
672 2059 729 2112 heo
742 2057 804 2128 ipsa
817 2058 879 2130 ejus
889 2056 998 2114 subtili·

121 2158 186 2211 tate
202 2151 357 2210 admodum
370 2153 525 2226 gaudeant.
567 2153 710 2210 Catonem
727 2171 797 2211 vero
810 2155 874 2230 quis
888 2161 995 2213 nostro·
1009 2151 1049 2226 11

117 2269 187 2310 rum
209 2255 362 2319 oratorum,
377 2251 554 2326 quiquidem
574 2269 651 2310 nune
666 2258 742 2321 sunt,
756 2251 849 2328 legit?
868 2259 918 2313 sut
931 2253 994 2330 quin

123 2351 211 2410 novit
234 2347 377 2410 omnino?
408 2352 451 2408 At
473 2369 558 2427 quem
582 2348 698 2409 virum?
729 2351 770 2408 dii
793 2349 879 2410 bonit
908 2352 994 2410 mitto

122 2450 233 2518 civem,
257 2454 306 2506 aut
332 2454 504 2518 senatorem,
531 2454 581 2506 aut
604 2449 822 2524 imperatorem:
851 2455 995 2508 oratorem

124 2549 205 2606 enim
222 2549 278 2606 hoc
301 2551 368 2606 loco
390 2549 568 2622 quaerimus:
589 2548 651 2622 quis
673 2547 725 2605 illo
746 2548 862 2624 gravior
883 2548 914 2606 in
930 2550 994 2607 lau·
1062 2568 1064 2573 ’

123 2643 243 2705 dendo?
273 2645 405 2703 acerbior
417 2646 448 2702 in
462 2639 674 2719 vituperando?
702 2647 733 2704 in
748 2647 900 2706 sententiis
914 2665 996 2721 argu·

127 2743 206 2803 tior?
235 2745 267 2804 in
282 2745 416 2803 docendo
430 2731 669 2817 edisserendoque
683 2743 836 2803 subtilior?
857 2745 994 2802 Refertae

124 2848 192 2901 sunt
215 2844 359 2902 orationes
383 2841 507 2916 amplius
534 2845 653 2899 centum
682 2841 889 2917 quinquaginta
912 2837 995 2918 (quas

124 2943 242 3016 quidem
265 2944 359 3000 adhuc
382 2941 555 3008 invenerim,
577 2943 608 2997 et
632 2935 766 3018 legerim)
786 2944 816 2996 et
838 2939 944 3008 verbis,
965 2943 995 3000 et

122 3042 209 3097 rebus
228 3040 395 3098 illustribus.
417 3039 488 3096 licet
509 3057 547 3096 ex
570 3038 616 3095 his
638 3039 750 3112 eligant
770 3055 814 3106 ea
828 3056 900 3114 quae
914 3045 994 3099 nota·
1088 3091 1094 3100 .

124 3138 205 3196 tione
219 3144 249 3196 et
263 3139 348 3196 laude
363 3138 450 3212 digna
464 3137 537 3207 sint;
558 3153 658 3194 omnes
673 3138 813 3195 oratoriae
829 3139 950 3198 virtutes
961 3141 992 3201 in

123 3236 166 3294 eis
181 3236 368 3310 reperientur.
409 3223 428 3292 J
431 3253 477 3292 am
489 3251 559 3292 vero
571 3234 705 3309 Origines
717 3237 777 3310 eius
788 3255 874 3312 quem
884 3238 992 3312 liorem,

149 3389 172 3461 ,³¹
187 3389 370 3495 ppodnmmodo3
378 3389 529 3460 manuatim}
557 3389 695 3496 Nm&
704 3391 865 3450 qumimmnodo.
882 3391 993 3460 redundet

121 3463 179 3495 entur
197 3448 426 3506 rrgrdeutarbrtror.
458 3447 581 3508 Drvrsrmp
682 3451 743 3498 mdo
759 3455 794 3496 est
812 3447 889 3510 paullo
905 3450 993 3504 mellus,

121 3521 162 3566 pro
170 3509 268 3569 quodam
275 3509 299 3555 in
308 3521 397 3567 genere,
407 3521 489 3568 nempe
498 3507 560 3554 tenui
569 3522 596 3554 aa
604 3507 687 3556 subtili.

123 3585 295 3707 Pmffmp
328 3585 484 3648 Sicsdidipro
494 3587 592 3634 dulcem
624 3585 686 3635 nam
694 3589 748 3638 ante
757 3591 791 3637 est
802 3585 957 3641 cuneantur,
969 3585 998 3630 et
