2444 4194
508 325 643 378 usurus.
938 331 999 394 125

134 477 242 538 sule-et
255 473 405 535 movele
416 490 504 552 usque
517 476 554 534 sd
565 475 700 535 Paullum
713 476 744 532 et
752 469 924 534 Marcellum
933 491 1000 536 cou-

134 577 210 633 sules
237 575 350 646 domita
384 592 437 634 nos
460 575 493 634 ln
514 577 618 634 eodem
638 592 724 634 cursu
747 573 853 632 luimus
879 591 897 630 a
921 575 1002 632 Sulla

131 675 275 732 dictatore
287 675 325 732 sd
338 675 455 734 eosdem
468 675 527 734 iere
540 677 683 737 consules.
726 674 779 746 Sic
794 674 831 746 Q·
853 671 1002 732 Hortensii

132 789 194 830 vox
207 773 354 840 exstincta
367 774 426 832 lato
446 791 498 832 suo
522 779 576 842 est,
600 779 697 832 nostre
716 773 843 848 publico.
885 770 1003 840 Melius,

133 889 248 946 quaeso,
258 871 397 941 ominare,
410 873 505 947 inquit
519 874 633 931 Brutus.
676 873 723 930 Sit
735 890 806 930 sane
830 876 862 929 ut
883 871 940 939 vis,
960 870 1003 928 in·

132 987 234 1046 quam,
255 976 286 1028 et
298 971 330 1028 id
342 989 402 1030 uon
415 977 476 1030 tam
489 989 555 1030 mea
567 987 666 1040 causa,
679 988 764 1046 quam
788 975 852 1028 tus:
873 972 925 1028 scd
947 970 1002 1028 ior·

102 1119 104 1128 ,
132 1072 249 1126 lunatos
267 1070 345 1128 illius
363 1070 470 1138 exitus,
478 1070 527 1146 qui
535 1089 571 1130 ea
581 1088 641 1128 nou
649 1069 725 1127 vidit
735 1087 802 1128 cum
809 1070 920 1136 fierent,
929 1085 1001 1142 quae

130 1168 373 1242 providitiuturc.
415 1170 512 1242 Saepe
526 1170 605 1229 enim
625 1169 702 1226 inter
723 1186 777 1226 nos
800 1167 1001 1242 impendentes

130 1281 215 1324 casus
236 1268 419 1336 deflevimus,
440 1285 507 1326 curu
529 1268 600 1336 belli
608 1267 706 1328 civilis
714 1284 825 1335 causas,
833 1267 864 1324 in
874 1265 1000 1340 priuato·

127 1381 192 1424 rum
205 1367 409 1440 cupiditatibus
420 1367 556 1437 inclusas,
569 1368 650 1443 pacis
663 1385 744 1442 spem
757 1385 775 1426 a
795 1366 911 1440 publico
929 1383 998 1425 cou-

127 1463 199 1520 silio
227 1480 290 1521 esse
304 1467 453 1524 exclusam
480 1468 652 1526 videremus.
694 1469 754 1525 Sed
777 1466 860 1524 illum
882 1467 998 1524 videtur

127 1560 259 1618 felicitas
268 1561 367 1636 ipsius,
380 1583 435 1640 que
448 1583 560 1642 semper
573 1547 618 1625 est
639 1585 717 1644 usus,
741 1569 778 1624 ab
799 1565 842 1622 eis
864 1564 996 1633 miseriis,

128 1675 205 1734 quae
218 1670 391 1721 consecutae
404 1670 479 1734 sunt,
496 1671 588 1723 morte
603 1665 778 1722 vindicasse.

167 1758 198 1814 N
199 1776 232 1816 us
246 1766 351 1830 autem,
365 1765 465 1832 Brute,
477 1764 614 1839 quoniam
627 1771 692 1837 post
703 1761 862 1829 Hortensii,
872 1758 996 1819 clarissi-

126 1855 169 1914 mi
181 1859 311 1926 oratoris,
325 1865 447 1918 mortem
470 1864 558 1918 orbae
578 1861 762 1935 eloquentiae
783 1861 864 1934 quasi
887 1864 995 1916 trilores

126 1955 225 2012 relicti
243 1973 349 2024 sumus,
372 1958 451 2014 domi
475 1962 624 2016 teneamus
650 1975 725 2025 eam,
746 1965 858 2030 septam
884 1955 996 2014 liberali

123 2052 281 2111 custodis:
310 2059 341 2111 et
367 2055 419 2112 hos
446 2054 560 2138 ignotos
583 2063 668 2132 atque
692 2056 873 2130 impudentes
893 2071 994 2128 procos

122 2150 317 2225 repudiemus,
341 2158 536 2230 tueamurque,
550 2161 581 2214 ut
595 2157 722 2214 adultam
737 2155 889 2229 virginem,
902 2159 992 2223 caste,

124 2246 145 2280 ³
154 2254 186 2307 et
199 2252 237 2308 ab
250 2258 408 2310 amatorum
421 2253 539 2328 impetu,
553 2261 692 2330 quantum
715 2272 873 2330 possumus,
897 2253 991 2329 prohi-

124 2347 251 2408 beamus.
292 2351 443 2426 Equidem,
464 2353 520 2410 etsi
542 2355 637 2423 doleo,
655 2373 703 2412 me
724 2355 756 2412 in
778 2355 870 2413 vitam
893 2356 990 2427 paullo

122 2447 224 2516 serius,
238 2453 374 2522 tanquam
387 2451 419 2507 in
433 2451 523 2520 viam,
545 2453 713 2528 ingressum,
736 2453 899 2528 priusquam
922 2470 990 2510 con·
1069 2490 1075 2508 .

102 2589 104 2594 .
122 2544 230 2604 lectum
243 2546 299 2608 iter
311 2548 401 2616 sitin
411 2550 488 2608 hanc
503 2551 680 2624 reipublicae
694 2558 810 2610 noctem
830 2551 969 2610 incidisse
981 2571 993 2608 :-

121 2640 250 2703 ”umen
274 2663 309 2704 ea
336 2648 536 2706 consolatione
562 2655 714 2717 sustentor,
741 2669 826 2728 quum
853 2656 884 2708 tu
907 2651 989 2718 milri,

121 2739 221 2809 Brute,
235 2744 393 2803 adhibuisti
401 2747 458 2804 tuis
472 2747 656 2806 suavissimis
676 2749 796 2818 litteris3
817 2748 919 2823 quibus
942 2765 989 2804 me
1024 2764 1026 2769 ·

121 2840 188 2898 lorti
201 2841 300 2899 animo
312 2862 376 2902 esse
390 2851 522 2920 oportere
530 2849 679 2915 censebas,
690 2849 764 2923 quod
779 2864 815 2904 ea
827 2846 988 2920 gessissem,

122 2955 195 3016 quae
209 2940 246 2998 de
256 2957 313 3012 me,
326 2945 415 3006 etiam
429 2965 475 3006 me
491 2951 618 3015 tecente,
627 2946 691 3020 ipsa
712 2948 902 3022 loquerentur,
916 2965 988 3006 mor·

149 3101 174 3133 ω
188 3100 498 3162 calamaneumque]
529 3098 589 3152 Quid
605 3068 739 3158 hicmandi,
755 3097 778 3146 in
793 3099 870 3147 adulta
886 3105 910 3148 et
926 3106 987 3150 casta

117 3156 203 3218 virgine
212 3157 316 3208 tuenda?
330 3158 383 3206 Siue
393 3161 460 3206 dubio
468 3174 546 3208 verum
555 3165 596 3218 est,
607 3161 665 3222 quod
681 3159 765 3222 placuit
780 3159 897 3218 lambino,
907 3165 986 3210 amaa·

120 3231 188 3266 ruam
203 3223 258 3266 anm
263 3216 321 3266 dixit
332 3229 406 3275 pancos
415 3214 559 3280 impudentes.

148 3296 171 3330 ²⁴
185 3301 260 3344 tum
269 3311 294 3343 eu
302 3297 453 3354 armosos,
464 3298 517 3359 etc]
534 3298 614 3344 dehoc
625 3298 683 3356 loco,
690 3298 744 3346 olim
754 3297 777 3345 in
786 3297 837 3345 edd.
848 3298 986 3360 perturbato,

119 3365 141 3402 v.
153 3355 256 3403 Budaeus
266 3354 295 3402 ad
305 3351 374 3403 Bsnd.
384 3371 406 3417 p.
417 3371 447 3401 m.
467 3359 502 3402 57.
540 3356 644 3404 Ceterum
663 3357 685 3404 in
704 3373 759 3418 qssae
777 3357 804 3404 da
818 3371 858 3413 me,
874 3358 939 3404 aliam
952 3371 987 3402 ure

119 3417 209 3470 lacerus,
218 3415 267 3472 ipsu
278 3411 426 3475 loquerentur,
443 3418 575 3476 numaeque,
591 3417 701 3464 monstrt:
717 3417 773 3464 illud
788 3416 883 3464 alterurn
898 3430 932 3461 me
947 3425 987 3460 suo

117 3467 168 3519 loco
177 3474 298 3529 sublatum,
308 3477 359 3534 post
372 3477 499 3532 curiaeque
524 3475 561 3520 oni
571 3475 645 3522 velim.
677 3477 737 3523 Nam
747 3475 777 3521 ibi
784 3475 859 3535 inepte
869 3473 986 3528 redundat,

117 3529 154 3600 liic
173 3531 313 3578 incommode
329 3531 400 3600 abest.
431 3489 543 3580 Corradus
561 3534 630 3580 eliam
644 3537 801 3582 commemorat
811 3547 852 3594 pro
866 3530 930 3578 varia
943 3529 988 3579 les·

117 3589 177 3636 none
188 3590 256 3656 diurn
267 3593 348 3638 munuc
358 3604 405 3638 sune
413 3605 455 3650 auc,
464 3591 609 3640 uesciounde.

154 3688 228 3732 von.
249 3689 296 3728 ιιι.
575 3675 611 3728 12
644 3665 647 3670 ’
700 3669 703 3676 ’
