2436 4192
209 325 273 386 200
582 317 723 370 cetron
807 389 813 396 Ι

207 471 238 526 et
250 463 467 526 animadversio
486 465 597 541 peperit
610 470 711 526 artem.
753 461 814 525 seu
831 462 864 524 in
875 451 1019 524 'venicus
1031 483 1077 526 res

208 571 253 626 ost
266 563 405 640 apertior:
427 579 596 640 quemquam
610 563 700 622 etiam
719 561 740 596 ⁰⁴
751 580 770 621 o
782 563 876 623 modis
895 563 1079 640 quibusdam,

208 670 297 724 cantu
315 669 433 730 remoto,
444 665 539 722 soluta
551 681 616 722 esse
630 663 765 723 videatur
777 663 880 734 oratio,
893 664 1079 742 maximeque

208 765 240 824 id
260 764 292 822 in
314 763 424 838 optimo
447 777 559 837 quoque
579 779 678 822 corum
701 760 862 836 poetarum,
888 764 939 839 qui
958 781 1080 840 soprato

209 861 331 922 Graecis
358 859 563 920 nominantur:
591 877 661 936 quos
688 877 755 919 oum
780 865 870 919 cantu
896 862 1080 935 spoliaveris,

209 963 286 1020 nuda
312 977 406 1035 paene
432 963 562 1018 remanet
583 958 684 1018 oratio.
727 960 855 1032 Quorum
881 959 992 1020 similia
1013 967 1080 1022 sunt

210 1059 352 1136 quaedam
372 1058 461 1118 etiam
474 1058 550 1134 epntl
571 1062 698 1117 nostros:
720 1058 801 1114 runt
813 1056 866 1116 illo
884 1057 918 1118 in
932 1059 1081 1134 Thyeste,

328 1215 453 1266 Quemnam
462 1216 486 1260 te
496 1225 543 1260 ene
552 1210 643 1261 dicam?
657 1209 695 1275 qui
704 1210 770 1259 tarda
779 1208 802 1258 in
812 1213 940 1261 senectute:

119 1399 123 1403 -
211 1359 241 1414 et
264 1369 337 1430 quae
356 1363 527 1430 sequunturt
548 1365 630 1430 quoe,
650 1352 708 1413 nisi
724 1371 790 1413 cum
811 1353 922 1413 tibicen
942 1355 1080 1426 accessit,

210 1451 333 1511 orationi
346 1458 413 1510 sunt
426 1455 537 1512 solutae
551 1452 708 1512 simillime.
751 1454 794 1512 At
807 1453 985 1515 comicorum
998 1473 1082 1514 sene·

210 1551 247 1610 rii
273 1555 388 1626 propter
414 1551 635 1610 similitudinem
662 1552 802 1610 sermonis
828 1552 873 1610 sio
896 1569 986 1628 eeepe
1009 1557 1082 1620 ‚sunt

211 1651 327 1726 abjecti,
341 1657 373 1708 ut
388 1668 602 1726 nonnumquam
617 1651 670 1708 vix
680 1649 711 1708 in
726 1651 772 1709 his
785 1669 920 1710 numerus
934 1657 966 1710 et
979 1671 1080 1710 veram

212 1750 337 1825 intelligi
356 1750 463 1824 possit:
484 1767 541 1826 quo
555 1755 599 1807 est
613 1749 874 1808 adinveniendum
888 1750 1036 1810 diffieilior
1046 1752 1080 1810 in

212 1850 342 1912 oratione
365 1865 508 1917 numerus,
531 1863 616 1923 quam
635 1848 667 1906 in
691 1849 831 1908 versibus.
872 1849 1002 1908 Omnino
1023 1852 1082 1909 duo

213 1954 288 2018 sunt,
312 1966 384 2025 quae
404 1946 545 2006 condiant
565 1946 743 2018 orationem
769 1949 930 2018 verbomm‚
950 1967 1082 2008 numero·

196 2045 329 2126 ''rumqne
347 2049 525 2123 jncunditas.
567 2048 603 2106 ln
622 2046 718 2106 verbis
746 2046 823 2104 inest
852 2047 935 2123 quusi
957 2049 1081 2107 materie

213 2151 370 2223 quaedem:
390 2147 422 2204 in
435 2163 556 2204 numero
574 2151 672 2204 nutem
692 2144 843 2221 expolitio.
885 2146 944 2204 Sed
957 2151 991 2206 ut
1003 2153 1083 2206 cete-

212 2247 250 2302 ria
274 2245 306 2300 in
336 2244 430 2310 rebus,
457 2243 640 2309 necessitatis
672 2243 796 2303 inventa
819 2244 982 2322 antiquiora
1004 2252 1082 2314 sunt,

213 2359 296 2418 quam
311 2339 485 2414 voluptatis:
507 2338 528 2371 ⁶⁵
538 2339 580 2398 ite
598 2345 629 2398 et
642 2341 673 2398 in
689 2341 745 2400 hac
760 2361 790 2401 re
804 2343 921 2412 accidit,
937 2349 970 2401 nt
984 2345 1083 2403 multis

213 2440 337 2500 saeculis
348 2444 416 2498 ante
435 2438 528 2496 oratio
542 2441 628 2508 nude,
642 2457 677 2498 ac
691 2441 770 2499 mulis
783 2443 820 2501 etl
834 2445 909 2500 solos
921 2443 1084 2503 animorum

213 2559 312 2604 sensus
327 2539 530 2614 exprimendos
549 2537 634 2596 luerit
650 2545 773 2614 reperte,
793 2559 878 2617 quam
896 2541 970 2599 ratio
984 2561 1084 2601 nurne-

213 2657 317 2708 rorum,
337 2655 426 2696 causo
444 2638 649 2698 delectationis
665 2637 785 2706 aurium,
807 2640 984 2714 excogitata.
1025 2643 1085 2700 Ite·

214 2759 272 2818 que·
293 2744 324 2796 et
343 2736 546 2804 “Herodotus
566 2741 596 2794 et
609 2739 712 2794 eadem
728 2738 912 2814 superiorque
931 2745 1012 2798 aetas
1032 2759 1083 2799 nu·

214 2857 294 2902 mero
306 2837 408 2905 caruit,
423 2834 480 2894 nisi
501 2835 616 2910 quando
629 2840 738 2894 temere
752 2853 787 2893 ao
801 2836 934 2904 fortuito:
952 2843 983 2896 et
996 2841 1084 2915 scrip·

215 2945 290 2999 tores
305 2941 470 3012 perveteres
484 2934 521 2991 de
535 2951 654 2992 numero
667 2933 883 3002 nihilomnino,
899 2937 937 2992 de
951 2939 1083 2998 oratione

215 3041 370 3110 praecepta
396 3037 487 3092 multa
513 3033 597 3091 nobis
618 3033 802 3108 reliquerunt.
844 3033 924 3098 Nam
951 3038 1027 3111 quod
1054 3041 1085 3096 et

244 3189 267 3221 ⁶⁴
281 3189 372 3234 umodis
387 3187 527 3246 quibusdum,
542 3188 596 3248 eto]
628 3187 702 3234 Credo
717 3187 835 3246 legendum
849 3200 904 3244 esse,
919 3190 947 3235 irs
960 3192 1033 3238 mdo
1047 3207 1083 3252 qu

216 3247 296 3295 Sensus
311 3245 369 3314 enim
384 3251 419 3292 est
424 3247 654 3350 {xfoitarumsermo
666 3245 758 3316 quidam
772 3246 841 3292 etiam
854 3247 940 3316 colpum
955 3249 1085 3321 vldetrnqri

216 3319 261 3354 non
281 3308 374 3360 canitur,
394 3317 423 3364 qu
472 3317 622 3349 necessarior
651 3308 705 3348 urrrt
720 3319 753 3352 uu
789 3305 846 3352 Sunt
864 3305 955 3366 quidam
972 3309 1042 3364 modu,
1061 3313 1087 3356 ut

216 3365 240 3410 in
251 3361 351 3468 {qmbicis
361 3361 468 3410 versibus.
484 3360 598 3420 propiores
612 3374 637 3406 so
645 3365 685 3408 uto
694 3361 804 3423 sermoni;
819 3363 931 3424 inquibus
940 3369 1037 3416 metrum
1048 3367 1084 3416 rin

216 3437 255 3472 sen
266 3437 274 3468 1
285 3435 317 3468 ur.

246 3501 268 3536 ⁶⁵
281 3502 314 3559 iu
324 3505 361 3548 el-
370 3524 380 3533 ·
387 3496 526 3556 excogitaui
557 3495 623 3544 Haec
631 3497 711 3546 absum
718 3500 754 3546 ed.
764 3500 823 3548 Ven.

246 3583 268 3616 ⁸⁸
283 3580 416 3636 Honores,
425 3577 479 3638 ste]
510 3575 619 3625 Deusta
628 3576 723 3630 cursil.
735 3579 777 3638 rx,
786 3583 808 3628 4.
821 3582 854 3632 rs.
