2474 4188
208 335 251 394 20
567 328 705 380 saurus.

206 476 336 534 mitteret
355 482 457 536 contra
476 463 580 552 legem,
600 495 656 552 quo
669 471 732 552 quis
747 477 862 552 judicio
881 467 1078 536 circumveni·

206 573 308 654 setun)
326 573 441 651 2⁴saepe
455 577 517 650 ipse
536 575 568 633 in
583 575 727 654 judicium
749 582 909 645 vocaretur,
928 577 1075 634 orationes

206 667 273 731 aliis
298 675 443 733 destitisse
452 673 593 756 scribere,
613 680 759 749 totumque
774 693 805 732 re
824 673 890 732 ²⁵ad
911 680 986 732 artes
1000 682 1085 732 com·'

155 776 198 838 13
206 774 354 846 ponendas
368 773 557 830 transtulisse.
591 773 631 830 Et
645 772 788 831 Graeciae
802 774 917 848 quidem
930 780 1076 832 oratorum

204 869 331 946 ²'partus
354 878 439 946 atque
460 871 553 928 tontes
573 871 665 940 vides,
687 873 724 928 ad
744 879 903 930 nostrorum
925 872 1076 930 annalium

202 970 355 1038 rationem,
369 977 503 1038 veteres;
524 972 561 1027 ad
575 971 710 1044 ipsorum,
724 988 794 1028 sane
811 964 951 1028 recentes.
993 971 1073 1028 Nam

204 1075 359 1144 antequam
384 1072 530 1127 delectata
558 1075 602 1126 est
632 1066 855 1126 Atheniensium
882 1069 989 1127 civitas
1016 1069 1075 1127 hae

203 1169 291 1226 laude
308 1167 436 1235 dicendi,
460 1172 550 1226 multa
564 1168 627 1242 jam
641 1169 838 1226 memorabilia
853 1174 883 1224 et
896 1169 927 1225 in
942 1169 1078 1226 domesti-

204 1269 247 1324 eis
261 1273 291 1324 et
305 1268 337 1324 in
351 1266 464 1324 bellicis
479 1269 562 1324 rebus
576 1269 721 1324 effecerat.
756 1267 821 1324 Hoc
836 1273 932 1324 autem
946 1267 1072 1326 studium

112 1423 118 1444 ,
203 1383 263 1422 non
284 1371 346 1423 erat
366 1383 518 1423 commune
536 1365 689 1434 Graeciae,
708 1367 758 1422 scd
776 1367 919 1440 proprium
941 1368 1073 1424 Athena·

204 1482 276 1522 rum.
318 1465 391 1539 Quis
411 1464 490 1521 enim
504 1469 553 1522 aut
572 1467 715 1538 Argivum
735 1471 886 1534 oratorem,
907 1471 957 1522 aut
970 1464 1073 1522 Corin·

140 1566 143 1574 ⁴
203 1563 305 1632 thium,
332 1568 382 1621 aut
404 1564 580 1620 Thebanum
602 1563 659 1621 scit
681 1563 769 1620 luisse
791 1563 965 1637 temporibus
988 1561 1073 1622 inis?

201 1661 261 1720 nisi
287 1661 356 1738 quid
382 1664 419 1720 de
446 1663 658 1736 Epaminonda,
683 1665 769 1721 docto
793 1664 921 1732 homine,
945 1663 1071 1738 supicari

201 1760 283 1818 libet.
324 1762 592 1820 Lacedaemonium
609 1780 680 1820 vero
700 1780 788 1836 usque
809 1765 846 1820 ad
870 1764 927 1820 hoc
948 1767 1072 1836 tempus,

201 1860 312 1930 audivi,
335 1860 423 1918 luisse
442 1861 598 1919 neminem.
640 1861 807 1918 Menelaum
829 1861 932 1934 ipsum,
956 1864 1072 1919 dulcem

196 1958 285 2015 'illum
308 1959 426 2032 quidem
445 1959 532 2017 tradit
553 1959 705 2028 Homerus,
728 1962 780 2017 sed
803 1979 896 2035 pauca
911 1961 1070 2018 dicentem.

199 2040 338 2116 Brevitas
362 2061 469 2122 autem,
485 2042 557 2112 ¹'laus
579 2059 625 2112 est
646 2053 790 2112 interdum
814 2056 845 2112 in
870 2056 967 2129 aliqua
988 2062 1071 2128 parte

198 2155 328 2221 dicendi,
351 2154 383 2210 in
403 2153 541 2211 universa
563 2153 728 2227 eloquentia
749 2155 863 2210 laudem
886 2170 946 2209 non
970 2155 1069 2215 habet.

199 2253 245 2312 At
267 2269 338 2309 vero
350 2257 433 2308 extra
455 2251 612 2309 Graeciam
633 2269 738 2326 magna
757 2250 875 2309 dicendi
896 2251 991 2310 studia
1010 2251 1071 2312 fuer

200 2330 274 2419 runi,
299 2349 477 2424 maximique
496 2350 565 2408 huic
585 2351 664 2408 laudi
689 2349 781 2408 habiti
801 2352 933 2416 honores,
957 2351 1069 2410 illustre

200 2454 343 2508 oratorum
362 2467 468 2508 nomen
489 2450 685 2510 reddiderunt.
726 2451 804 2508 Nam
823 2455 855 2508 ut
874 2453 964 2508 semel
985 2470 1002 2509 e
1022 2452 1070 2509 Pi·

199 2604 271 2673 legem
280 2603 347 2651 Rom.
356 2603 439 2660 allusit,
449 2602 502 2664 pum
511 2604 629 2652 delendum
639 2609 680 2662 est',
691 2605 750 2667 quod
760 2604 814 2652 mihi
824 2606 890 2652 valde
899 2605 980 2667 placet.
1006 2607 1068 2654 Nam

199 2661 279 2710 Crcero
288 2662 318 2708 sic
327 2661 349 2709 in
359 2663 440 2709 talibus
450 2662 593 2710 allusionibus
607 2666 676 2711 solet:
693 2680 721 2711 eo
732 2669 828 2721 servato,
841 2665 901 2724 signa
912 2667 1070 2726 parentheseos

199 2721 299 2768 tollenda
314 2726 371 2768 sunt.
403 2723 482 2788 Sensus
497 2728 545 2772 est:
566 2723 628 2784 quasi
642 2723 695 2785 quid
709 2723 803 2779 lecisset,
821 2737 862 2785 per
877 2725 936 2785 quod
951 2723 1029 2786 aliquis
1043 2725 1067 2771 in

196 2780 280 2838 judicio
289 2780 489 2829 circumveniretur.

228 2859 252 2893 Μ
265 2875 325 2917 saepe
338 2861 384 2917 ipse
398 2861 425 2908 in
434 2861 551 2920 judicium
561 2861 693 2922 nuceretum]
725 2861 798 2918 Hujus
808 2860 839 2907 rei
855 2863 940 2910 nullum
952 2862 1069 2922 vestiqum

198 2921 238 2990 est·
247 2920 306 2988 apud
317 2921 445 2990 isocratem,
461 2920 498 2980 qui
512 2921 536 2967 id
550 2920 657 2966 taciturus
666 2933 712 2964 non
720 2918 815 2965 videtur.
839 2921 923 2990 ,Credo
936 2920 1068 2991 Ciceronem

196 2991 307 3038 conpetere
320 2993 347 3024 an
361 2979 484 3024 invidiam:
499 2993 551 3024 narn
561 2979 604 3024 hoc
612 2979 693 3024 luctum
708 2992 774 3038 saepe
783 2984 883 3083 parentur
897 2979 920 3026 in
933 2981 1070 3030 orationibus

197 3036 375 3081 commemoratis
384 3039 448 3082 aute:
465 3041 489 3082 et
499 3037 631 3082 Plutarchus
641 3035 663 3081 in
679 3037 776 3082 Isocrate
805 3037 873 3084 iserte
883 3040 959 3096 tradit,
974 3053 1024 3084 eum
1035 3039 1068 3086 bia

198 3096 286 3140 tantum
294 3093 317 3139 in
329 3093 510 3149 judiciuml'uisse
523 3099 635 3152 vocatum,
646 3095 685 3141 sed
694 3095 863 3156 permutationis
872 3098 969 3154 nomine,
983 3112 1029 3144 non
1037 3097 1068 3146 ob

198 3149 301 3208 iujuriam
310 3152 391 3197 factum
400 3151 477 3198 contra
487 3153 554 3212 leges.

227 3227 251 3260 ²⁵
264 3227 294 3274 nd
302 3233 360 3274 artes
369 3231 541 3292 componendus]
564 3231 638 3288 Cmnp.
648 3231 669 3277 in
680 3231 764 3278 duobus
773 3233 831 3280 Mes.
843 3249 887 3281 non
896 3234 1065 3286 invenitLamb.

197 3287 220 3332 in
230 3285 276 3332 alio
285 3287 403 3334 Corradus.
435 3289 479 3334 Sed
489 3289 607 3346 genuinum
622 3295 646 3336 et
655 3305 668 3336 e
678 3291 764 3338 Graeco
779 3307 904 3354 expressum
913 3298 974 3354 puto.
1005 3295 1029 3344 N
1031 3311 1068 3342 am

198 3343 329 3392 Plutarchus
339 3345 356 3396 l.
372 3361 392 3392 c.
403 3346 487 3393 diserte
501 3349 577 3404 tradit,
594 3355 694 3398 auctores
709 3352 814 3411 quosdam
824 3351 905 3409 dicere,
921 3366 972 3400 eum
985 3373 1068 3422 πχνας

237 3428 381 3482 pap-guerras.
398 3419 427 3466 de
441 3431 530 3480 ’τιχνως
544 3419 590 3468 istis
600 3437 621 3468 v.
633 3421 729 3470 Cresoll.
739 3423 821 3470 theatr.
832 3424 890 3471 rhet.
906 3439 928 3485 p.
940 3429 975 3472 46.

237 3497 250 3530 u
262 3501 341 3554 portur
349 3499 491 3558 mperesrntm
500 3499 577 3560 indm]
594 3500 646 3548 Non
656 3500 714 3548 bene
721 3502 854 3549 conveniunt
861 3508 939 3559 portur
948 3504 1051 3560 etsontoe
1056 3520 1067 3562 ‚·

237 3556 348 3672 ¹ltpmmgpus
358 3561 497 3608 monasterus
506 3564 530 3606 et
539 3563 639 3608 recenter.
671 3560 751 3608 cicero
760 3559 845 3624 scripsit
853 3561 901 3610 sine
910 3561 1067 3648 dubiosoetur,
