2436 4192
479 323 623 374 ondlon-
912 329 974 392 159

103 490 166 532 rum
180 477 286 544 anm,
300 471 419 534 dicendi
431 475 463 530 'et
476 474 607 532 ornandi.
650 473 736 532 Zeno
754 473 870 548 qrridern
882 473 974 542 illan

27 571 31 588 '
104 590 162 646 quo
174 571 332 646 disciplina
347 572 510 632 Stoicorum
522 578 673 640 estmanu
685 575 884 636 demonstrare
904 575 976 630 eole-

103 673 162 741 bat,
176 672 245 746 qnid
264 672 341 730 inter
357 673 409 730 hae
431 678 506 730 artes
528 673 692 744 interesset.
717 690 786 732 nam
807 689 876 730 cum
900 687 977 730 com·

103 775 245 844 presserat
258 771 374 846 digitos,
388 790 570 847 pugnumque
584 773 702 840 lecerat,
719 771 906 830 dialecticam
919 771 978 842 aje-

104 871 155 928 bat
168 869 310 944 ejusmodi
320 889 400 930 esee:
428 889 496 930 cum
513 876 609 936 autern
630 872 793 938 diduxeraa
807 874 838 928 et
859 885 978 928 manum

104 970 289 1039 dilataverat,
310 972 424 1044 palmae
442 971 522 1029 illiue
544 971 670 1028 similem
693 969 889 1044 eloquentiam
912 987 977 1028 eaeo

104 1067 230 1126 dicebat
273 1071 371 1145 Atque
384 1071 475 1146 etiam
483 1074 552 1127 aute
563 1070 640 1138 hune
651 1068 824 1128 Aristoteles
835 1067 978 1140 principio

105 1168 174 1224 artis
188 1169 349 1226 rhetoricae
360 1168 443 1235 dicit,
453 1167 536 1224 illam
546 1172 637 1225 artern
648 1166 729 1243 quasi
740 1185 782 1224 ex
796 1169 887 1225 altera
896 1171 977 1240 parte

105 1269 279 1340 respondere
293 1266 484 1325 dialecticae:
498 1271 529 1323 ut
538 1267 594 1324 hoc
609 1265 749 1324 videlicet
759 1265 892 1324 differant
901 1264 978 1326 inter

104 1383 146 1433 ae,
161 1367 239 1439 quod
252 1367 325 1424 haec
334 1365 408 1426 ratio
417 1365 537 1424 dicendi
547 1366 633 1422 latior
639 1366 686 1434 eit,
697 1365 749 1426 illa
762 1365 898 1439 loquendi
907 1381 977 1424 cou-

103 1464 235 1522 tractior.
276 1465 355 1520 Volo
368 1463 455 1538 igitur
478 1465 545 1522 huic
567 1481 688 1533 summo,
706 1481 832 1532 ornnem,
846 1481 920 1538 qnae
939 1463 977 1522 ad

104 1561 266 1620 dicendum
289 1559 393 1620 numdi
414 1562 512 1636 poerit,
531 1564 667 1639 loquendi
679 1563 830 1632 rationem,
849 1581 914 1620 enee
927 1581 978 1622 no-

105 1665 185 1718 tarm
207 1664 280 1735 qnae
303 1661 419 1736 quidem
432 1680 477 1720 res
499 1661 589 1736 (quod
612 1669 642 1718 te
656 1661 701 1719 hia
715 1661 823 1718 artlbru
836 1661 979 1727 eruditum

104 1759 225 1817 minime
239 1757 328 1838 fallit)
349 1762 496 1834 duplicem
517 1763 603 1818 habet
622 1760 747 1819 docendi
769 1759 858 1816 viam.
899 1761 979 1816 Nam

105 1864 135 1916 et
146 1858 209 1931 ipae
219 1836 392 1918 Aristoteles
405 1859 525 1916 tradidit
538 1864 693 1932 praecepta
703 1858 825 1932 plurima
838 1859 988 1916 dieser-en·

106 1956 147 2026 di,
162 1967 194 2014 et
207 1963 319 2028 postea,
332 1957 381 2030 qui
395 1956 545 2013 dialectici
556 1957 698 2024 dicuutur,
711 1956 871 2028 spinosiora
889 1957 980 2014 multo

105 2059 293 2129 pepererunt.
337 2055 417 2128 Ergo
429 2071 496 2112 eum
508 2072 625 2121 censeo,
639 2054 688 2128 qui
701 2054 882 2129 eloquentiae
896 2055 989 2115 larrde'

107 2155 239 2220 dueatur,
255 2171 313 2210 non
324 2170 388 2210 esse
399 2171 497 2210 earum
511 2171 605 2212 rerum
614 2153 855 2223 omninorudema
870 2155 922 2212 ced
932 2153 986 2210 vel,

107 2252 160 2310 illa
173 2251 302 2326 antiqua,
324 2254 372 2309 vel
397 2253 453 2310 hac
468 2253 626 2326 Chrysippi
639 2253 794 2326 disciplina
807 2253 979 2312 institutum.

108 2350 225 2408 noverit
239 2342 362 2423 prinium
382 2350 453 2417 vim,
476 2355 614 2418 naturam,
635 2369 743 2424 genera
767 2353 928 2418 verborum,
949 2356 981 2410 et

108 2448 293 2521 simplicium,
307 2453 337 2504 et
351 2450 564 2520 copulatorum:
586 2449 693 2506 deinde
713 2455 782 2522 quot
796 2449 888 2506 modis
901 2449 980 2522 quid·

108 2565 163 2622 que
178 2548 306 2605 dicatur:
327 2564 383 2621 qua
397 2546 519 2613 ratione,
534 2565 634 2604 verum
654 2547 795 2608 falsumne
809 2547 856 2615 sit,
868 2546 981 2620 jndice·

108 2651 169 2704 tur:
184 2647 254 2720 quid
264 2645 407 2704 efficiatur
420 2662 437 2699 e
452 2661 580 2718 quoque:
594 2646 671 2717 quod
683 2644 733 2702 eui
746 2663 926 2720 consequens
934 2645 981 2714 sit,

110 2748 241 2821 quodque
250 2735 427 2802 contrarium
439 2762 447 2798 z
460 2759 582 2816 cumque
595 2742 729 2816 ambigue
739 2745 830 2800 multa
839 2743 982 2810 dicantur,
1061 2777 1065 2786 «

111 2823 254 2920 quomodo
263 2843 386 2918 quidque
398 2859 497 2898 eorum
511 2840 615 2908 dividi,
625 2841 832 2914 explanarique
842 2844 982 2912 oporteat.

112 2944 196 3010 Haec
218 2941 346 3000 tenenda
370 2945 440 2999 sunt
459 2939 583 2998 oratori:
605 2956 693 3011 saepe
717 2938 797 2996 enirn
820 2943 982 2998 occurrunt.

112 3044 171 3100 Sed
182 3043 252 3117 quia
265 3027 316 3098 sua
330 3046 433 3114 sponte
454 3038 629 3114 squalidiora
642 3042 719 3106 aunt,
737 3037 916 3096 adhibendus
929 3038 992 3098 eritv

113 3141 143 3198 in
156 3141 202 3198 liis
216 3140 399 3213 explicandis
410 3139 526 3214 quidam
537 3137 675 3206 orationis
687 3136 771 3194 nitor.
798 3136 838 3195 Et
848 3137 984 3212 quoniam
994 3159 1036 3220 33

113 3238 144 3297 in
163 3239 307 3306 omnibns,
328 3257 402 3313 quae
426 3239 538 3296 ratione
559 3239 709 3306 docentur,
730 3241 761 3293 et
783 3233 840 3306 via,
862 3237 984 3310 primum

115 3338 351 3396 constituendum
365 3341 418 3404 est,
432 3335 499 3410 quid
513 3335 635 3410 quidque
649 3335 705 3393 ait:
725 3331 796 3414 (nini
816 3335 895 3394 enim
909 3337 986 3394 inter

144 3491 235 3538 wanti
241 3490 325 3551 parnt]
347 3491 389 3537 lid.
400 3489 458 3538 ven.
477 3489 543 3547 nudi,
554 3492 612 3552 quod
622 3491 764 3538 restituimur.
796 3490 820 3536 N
821 3504 846 3535 ee
854 3485 914 3534 troii
923 3497 986 3552 'com-

114 3551 206 3598 modum
224 3549 279 3598 eatis
294 3563 379 3598 aeuum
395 3549 471 3597 habet.
509 3549 625 3602 Quaedam
647 3551 698 3600 odd
723 3548 807 3596 hubent
821 3547 890 3594 etiam
906 3545 987 3590 vrticae

115 3615 188 3666 mara,
