2436 4192
515 337 640 390 sorios
938 304 1006 405 '237

135 487 226 564 siqui
253 487 391 548 fiduciam
416 488 581 562 eeeepsrit:
602 489 691 546 debet
717 485 806 546 etiem
833 492 1007 559 procurator.

137 587 224 646 Haeo
238 603 277 645 ex
299 587 426 661 pluribus
440 586 615 660 perveniens
628 602 686 660 quo
696 588 769 654 vult,
783 587 944 659 appelletur
965 586 1009 642 iu·

134 684 254 744 duetio:
274 683 377 759 ⁴‘quse
390 701 495 759 gmeee
517 700 621 748 meme
642 684 901 758 nominatumque
923 681 1008 756 pluri·

135 796 217 842 mum
243 788 289 840 est
312 799 382 840 ‘usus
409 782 441 840 in
467 784 646 840 sermonibus
676 784 822 842 Socrates.
875 783 1010 841 Alterum

139 880 338 940 similitudinis
351 897 442 956 genus
462 880 620 939 oollstione
647 881 776 948 sumitur,
789 897 855 938 oum
878 896 937 936 une
963 895 1010 936 res

136 980 260 1053 unipes·
273 979 336 1056 puri
349 985 539 1054 eomparatur,
553 981 610 1036 hoe
623 980 727 1036 modo:
749 979 1009 1052 Quemadmodum,

135 1077 204 1136 siin
217 1080 287 1136 urbe
297 1079 335 1136 de
348 1079 453 1136 tinibus
467 1077 667 1135 ooutroversia
680 1081 734 1146 est,
747 1077 815 1152 quie
828 1078 901 1134 dues
916 1076 1008 1151 magis

135 1191 268 1250 agrorum
281 1177 419 1235 videntur
431 1193 505 1244 esse,
526 1193 612 1250 quum
631 1176 719 1244 urbis,
742 1176 847 1237 linibus
872 1174 1008 1250 regundis

133 1274 252 1353 adigere
262 1274 400 1333 arbitrum
413 1289 473 1332 non
483 1274 656 1348 posuissem,
670 1274 696 1331 si
703 1289 776 1350 sque
784 1273 886 1348 pluvis
895 1274 927 1332 in
937 1275 1007 1331 urbe

131 1378 232 1440 nooet,
242 1372 378 1447 quonium
388 1389 433 1429 res
443 1377 503 1430 tom
518 1373 609 1447 magis
623 1389 754 1446 agrorum
767 1377 821 1441 est,
836 1389 928 1447 squse
943 1374 1006 1446 plu-

132 1470 205 1547 viae
216 1471 359 1528 sroendee
373 1470 489 1544 adigere
497 1487 556 1529 uon
567 1471 659 1544 possis
667 1472 814 1529 arbitrum.
843 1471 891 1528 Ex
901 1472 1005 1528 eodem

132 1566 334 1626 similitudinis
348 1569 414 1626 loeo
426 1567 515 1626 etism
523 1571 659 1652 exemplo
671 1575 829 1637 sumuntur,
837 1575 870 1627 ut
884 1571 1004 1626 Crassus

131 1667 165 1724 in
180 1665 309 1725 Curiana
322 1681 410 1724 conss
421 1667 563 1740 exemplis
575 1666 705 1740 plurimis
718 1684 785 1724 usus
811 1670 864 1734 est,
882 1664 905 1697 ⁴⁶
914 1683 1004 1740 egens

131 1765 171 1822 de
185 1783 231 1834 eo,
243 1765 291 1840 qui
306 1770 481 1824 testamento
493 1765 538 1822 sio
560 1765 697 1826 heredem
718 1763 899 1831 instituisset,
917 1769 959 1832 ut,
979 1765 1006 1822 si

126 1863 210 1922 ¹iilius
224 1868 308 1921 ustus
323 1870 400 1922 esset
421 1863 569 1921 indecem
594 1862 749 1931 mensibus,
773 1862 854 1938 isque
878 1867 1005 1920 mortuus

131 1961 222 2036 prius,
249 1976 338 2035 quum
364 1960 398 2016 in
423 1977 505 2018 suam
532 1962 652 2018 tutelam
680 1961 831 2029 venissem
862 1961 1005 2018 secundus

129 2059 219 2118 heres
245 2057 437 2116 hereditatem
460 2057 614 2114 obtineret.
665 2058 748 2130 Quae
770 2059 1005 2116 commemoratio

129 2158 332 2230 exemplorum
356 2155 467 2224 veluit3
488 2171 579 2231 eaque
606 2173 660 2213 vos
683 2155 715 2214 in
737 2157 938 2229 respondendo
961 2157 1003 2215 uti

126 2257 254 2314 multum
268 2254 377 2312 soletis.
419 2253 508 2312 Flete
532 2255 620 2312 etiem
645 2257 783 2329 exempla
805 2254 1003 2314 similitudinis

129 2353 240 2410 habeut
251 2352 312 2412 vim
324 2373 332 2408 ι
352 2353 404 2410 sed
418 2371 453 2410 ee
464 2353 590 2411 oratorie
602 2353 695 2428 magis
706 2357 783 2421 sunt,
793 2371 879 2429 quum
888 2360 1001 2411 vestra:

129 2467 302 2527 quemquem
314 2450 358 2508 uli
371 2450 461 2507 etium
469 2468 522 2508 vos
536 2450 645 2518 soletis,
654 2453 705 2507 sed
719 2452 775 2508 hoe
784 2453 887 2508 modo:
907 2452 1003 2525 Finge

129 2547 281 2620 monoipio
293 2547 420 2621 aliquem
433 2547 546 2604 dedisse
560 2547 601 2612 id,
614 2547 689 2620 quod
704 2547 851 2621 mancipio
865 2547 928 2604 deri
942 2565 1002 2606 nou

128 2648 237 2722 potest.
258 2661 327 2701 num
347 2643 457 2701 ideireo
470 2643 500 2700 id
513 2644 574 2716 ejus
588 2644 695 2700 laetum
718 2651 771 2713 est,
792 2644 841 2719 qui
863 2645 1003 2719 aceepit?

127 2749 181 2806 sut
194 2759 264 2820 num
273 2742 312 2810 is,
325 2741 375 2816 qui
388 2740 535 2814 mancipio
548 2741 638 2809 dedit,
657 2739 723 2798 ⁴⁷ob
737 2759 802 2798 eam
815 2761 876 2800 rem
889 2763 922 2800 se
941 2747 1002 2803 ulle

156 2898 179 2932 ⁴⁵
192 2903 445 2964 qemegroccemlme
464 2895 499 2956 re}
531 2894 568 2942 ste
577 2894 624 2942 ausi
633 2909 706 2942 sumus
720 2895 841 2942 rescribere
850 2910 891 2958 pro
910 2896 1002 2955 vulgato

189 2983 213 3028 y.
229 2966 255 3008 ut
264 2962 382 3011 Turmebue
391 2966 416 3009 et
429 2960 510 3010 lamb.
522 2961 620 3008 voluere.
646 2963 670 3008 N
672 2977 708 3008 am
716 2978 753 3024 ap.
763 2960 908 3018 Aristotelem
919 2957 998 3026 'Pupio

128 3031 148 3086 Ι,
169 3033 192 3076 2.
204 3033 228 3074 et
238 3032 331 3090 Analyt.
343 3033 412 3094 prior.
425 3033 455 3088 ll,
466 3035 511 3087 2³„
522 3035 566 3080 etc.
578 3030 601 3076 in
611 3032 711 3080 omnibus
728 3032 791 3079 libris
809 3033 840 3079 sie
852 3037 887 3078 est
900 3038 1002 3082 musteu-

127 3093 171 3143 ἵει,
182 3101 293 3149 uunquam
301 3111 386 3169 παρη,
404 3103 463 3150 quse
472 3091 553 3138 dieitur
562 3088 586 3137 iu
593 3095 681 3150 partem
692 3091 836 3148 deteriorem,
844 3106 893 3138 eum
903 3093 1001 3155 aliquem
1079 3091 1082 3099 “

123 3156 259 3204 inlrsudem
276 3158 406 3204 induemus.
438 3159 491 3206 Non
502 3161 608 3230 prolecto
624 3160 699 3221 potuit
717 3161 798 3208 Cicero
812 3163 857 3209 ulio
872 3163 941 3210 verbo
958 3165 1000 3222 uti,

129 3229 197 3276 quam
206 3221 264 3262 met
278 3215 301 3262 in
312 3215 440 3264 Aristotelis
450 3218 548 3280 Topicis.

125 3313 129 3322 ·
157 3291 180 3324 ⁴⁶
196 3294 338 3354 ogensdm]
355 3293 417 3340 abest
426 3295 504 3342 hecub
513 3299 564 3344 edd.
581 3297 640 3344 Vsu.
650 3299 717 3346 Med.
729 3299 783 3346 Ald.
817 3299 883 3348 Mox.
892 3307 1000 3350 etiem·

128 3351 344 3423 intimassedpro
350 3353 607 3426 obtioreimetuecessario
613 3357 803 3428 soripsiullioeret.
825 3360 861 3406 ste
870 3361 1001 3406 habuitme·

125 3409 998 3476 ndentemlrbrosuodoethrus:nampreeodsuteeeunduslttresruecederet.

158 3485 182 3521 ⁴⁷
194 3487 278 3534 odeum
292 3503 340 3535 rem
349 3503 371 3536 te
387 3490 438 3536 ella
453 3505 479 3536 re
497 3493 612 3555 obligavit]
628 3495 668 3542 iut.
688 3500 715 3541 ut
733 3495 872 3542 evictionem·
887 3498 1002 3556 praestare

127 3550 248 3616 teneretur.
280 3547 368 3618 llempe
378 3546 430 3617 quis
439 3563 560 3620 remquam
570 3553 680 3614 mancipio
689 3554 760 3610 dedit,
771 3568 815 3600 non
833 3557 883 3599 erat
897 3553 920 3598 in
935 3551 1004 3600 rebus

128 3617 231 3666 mancipi,
240 3604 348 3665 obhgstm
357 3607 419 3656 dhus
428 3607 562 3656 venditionis
571 3611 644 3658 locum
654 3626 699 3660 nen
709 3611 785 3658 habet.

166 3703 237 3744 von.
258 3704 307 3744 ιιι.
566 3689 631 3747 21*
