2474 4188
45 309 52 356 r
218 311 271 380 cn

226 456 383 514 excellere.
423 454 502 516 llam
527 457 562 512 ut
586 471 625 512 ex
651 453 759 513 bellica
786 453 872 512 lsude
895 450 1042 526 sdspircrc
1061 455 1104 512 ed

228 553 400 612 Africanum
414 573 500 612 nemo
513 559 616 628 potest,
630 554 661 612 in
675 571 732 628 qua
745 553 807 628 ipsa
821 551 969 626 egregium
988 550 1009 584 ⁴⁸
1019 551 1102 611 Viri-

138 722 150 732 ..
226 651 306 713 atico
331 655 410 710 hello
434 653 590 726 reperimus
617 651 705 710 luisse
733 651 884 710 Laelium:
905 649 949 708 sic
974 650 1101 726 ingenii,

227 751 392 820 litterarum,
406 750 597 826 eloquentiae,
614 750 777 824 sapientiae
796 749 931 824 deniqne,
951 749 1008 809 etri
1027 749 1099 808 utri-

227 869 282 926 que
301 850 416 926 primes,
436 850 544 924 priores
565 855 671 908 tamen
685 849 810 906 libenter
828 847 961 907 deterunt
981 847 1097 908 Laelio.

227 951 293 1008 Nec
306 949 378 1008 mihi
391 955 552 1008 ceterorum
566 948 679 1026 judicio
691 951 783 1006 solum
806 947 929 1016 videtur,
943 947 995 1004 sed
1009 946 1103 1004 etism

1221 373 1222 426 l

1221 529 1222 576 l

224 1049 352 1122 ipsorum
365 1049 442 1105 inter
454 1049 531 1122 ipsos
545 1065 687 1108 concessu
696 1048 738 1105 its
751 1046 888 1104 tributum
899 1044 996 1104 luisse.
1023 1045 1102 1102 ΕΜ

227 1149 417 1208 omninotum
428 1149 586 1216 mos‚utia
600 1147 717 1222 reliquis
727 1147 810 1204 relrus
819 1143 1027 1212 mellensicin
1041 1144 1100 1202 tm

225 1248 291 1322 ipso
304 1247 464 1314 humanior,
477 1252 510 1304 ut
523 1247 624 1306 faciles
638 1251 736 1304 essent
749 1245 780 1304 in
793 1261 876 1302 suum
889 1243 994 1317 cuique
1008 1242 1098 1300 tribu·

174 1335 311 1404 tiendo.
353 1345 497 1402 Memoris
511 1352 607 1414 teneo,
630 1347 772 1418 Smyrnae
795 1361 843 1402 me
867 1361 906 1400 ex
931 1342 965 1398 Ρ.
986 1339 1101 1398 Rutilio

226 1443 303 1502 Ruio
316 1443 439 1512 audisse,
453 1457 519 1501 cum
533 1444 653 1511 diceret,
666 1444 885 1500 molescentnln
897 1459 929 1497 se
943 1439 1099 1510 accidisse,

225 1547 258 1600 nt
276 1561 316 1604 ex
338 1544 596 1600 Senetasconsulto
616 1543 650 1599 P.
674 1541 775 1616 Scipio
801 1546 832 1600 et
859 1541 898 1600 D.
924 1541 1032 1598 Brutus
1052 1537 1100 1618 (ut

223 1639 341 1720 opinor)
354 1644 488 1700 consules
507 1643 544 1698 de
564 1659 595 1698 re
617 1639 709 1698 atroci
733 1656 894 1714 magnoque
915 1643 1100 1715 quaererent.

227 1741 307 1800 Nem
319 1759 387 1798 cam
406 1741 439 1798 in
457 1737 561 1798 ⁴⁷silvo
582 1739 644 1798 Sila
658 1739 736 1796 iacta
754 1739 862 1796 caedes
880 1743 968 1803 esset,
979 1737 1101 1812 notique

227 1840 358 1898 homines
382 1839 541 1906 interiecti,
561 1838 829 1911 insimulareturque
853 1835 973 1904 familia,
994 1836 1102 1910 partim

228 1939 317 1998 etiam
330 1938 424 2007 liberi,
445 1937 594 1996 societatis
607 1937 679 2011 eJus,
691 1953 764 2011 quae
778 1935 901 2009 picarias
914 1936 951 1992 de
973 1934 1007 1991 P.
1029 1935 1107 1992 Gor*

228 2040 317 2108 nelio,
331 2040 367 2097 L.
389 2023 532 2096 Mummio
551 2035 718 2094 censoribus
737 2033 915 2100 redemisset,
932 2034 1102 2094 decrevisse

229 2144 370 2206 renatum,
384 2145 415 2194 nt
429 2141 466 2194 de
480 2155 515 2198 es
528 2155 560 2194 re
574 2141 784 2210 cognoscerent
797 2140 829 2192 et
847 2139 1005 2194 statuerent
1031 2153 1103 2194 con·

229 2238 315 2292 eules.
365 2235 491 2290 Causam
512 2251 563 2306 pro
587 2234 750 2306 publicanis
771 2240 915 2302 accurate,
935 2238 967 2290 ut
985 2251 1105 2308 semper

229 2315 443 2400 solitus'esser,
468 2333 672 2406 eleganterque
697 2331 807 2388 elisisse
838 2331 981 2390 Laelium.
1022 2333 1103 2390 (ium

229 2431 372 2497 consules,
386 2447 418 2487 re
432 2431 538 2498 audita,
551 2428 672 2508 moptiro
685 2431 721 2488 de
735 2430 853 2490 consilii
872 2431 1019 2490 sententie
1037 2449 1102 2505 pro-

230 2527 467 2597 nunciavissent3
487 2528 587 2601 paucis
600 2528 778 2601 interpositis
791 2530 894 2588 rliebm
907 2529 1014 2588 iterum
1025 2530 1102 2588 Loe-

231 2628 302 2687 lium
315 2630 406 2685 multo
428 2627 596 2701 diligentius
616 2628 774 2703 meliusque
801 2629 920 2698 dixisse,
940 2630 1110 2704 iterumque·

230 2728 430 2786 eodemmodo
443 2743 461 2784 a
474 2725 639 2786 consulibus
659 2744 721 2784 rem
740 2743 804 2784 esse
822 2729 980 2801 prolatam.
1019 2729 1103 2788 Tum

232 2828 377 2904 Laelium,
403 2845 471 2886 cum
495 2844 560 2886 eum
584 2813 659 2886 ’socii
678 2829 795 2886 domum
815 2827 1008 2896 reduxissent,
1029 2827 1104 2902 egis·

232 2933 352 3004 sentqne
366 2927 482 3003 gratias,
496 2930 535 2994 et,
549 2944 586 2982 ne
606 2925 815 2998 defatigaretur,
829 2926 1001 2994 oravissent,
1024 2929 1104 2985 locu·

231 3031 292 3083 tum
306 3044 369 3082 esse
389 3026 446 3082 its:
467 3043 508 3091 se,
521 3041 593 3098 quae
614 3023 740 3091 iecisset,
760 3025 877 3083 honoris
892 3043 989 3082 eorum
1003 3043 1100 3095 causa,

231 3122 369 3190 studiose,
380 3125 571 3196 accurateque
585 3121 705 3193 lecisse3
724 3124 776 3179 sed
789 3141 820 3180 se
829 3123 969 3192 arbitrari,
983 3141 1100 3184 ccussm

234 3361 236 3364 Α
261 3293 284 3326 ⁴⁸
301 3291 434 3400 Vir-intima·
451 3293 586 3363 ‘SiceMed
603 3295 669 3342 edidi.
701 3295 738 3343 Sic
753 3311 766 3342 e
783 3275 860 3347 vetere
876 3297 964 3346 Veneta
978 3299 1069 3361 (nempe
1077 3314 1099 3350 e.

228 3352 309 3410 ,1-485.)
318 3352 395 3398 laudet
428 3367 490 3399 rvros.
521 3351 589 3412 Vulg.
603 3354 692 3400 Vrrmtr.

262 3430 285 3464 Μ
299 3431 354 3476 siloa
363 3429 429 3492 sim]
445 3434 479 3476 est
495 3447 523 3477 ex
538 3433 624 3478 emend.
641 3433 755 3480 Tumebi:
779 3449 831 3480 mor
846 3436 944 3492 picarios
961 3436 1012 3482 edd.
1032 3437 1104 3488 Metb

229 3490 288 3544 ..lle
299 3494 325 3538 ut
332 3489 405 3540 editur
413 3503 477 3540 nunc.
488 3497 560 3553 recte„
567 3491 626 3538 alias
634 3491 713 3540 aliter:
724 3501 750 3542 ut
758 3495 820 3542 sunt
830 3495 949 3554 ponamus,
960 3499 1002 3544 etc.
