2474 4188
516 273 653 332 natum.
977 283 1016 346 21

150 445 240 490 raeeo
253 428 421 506 eloquentia
434 434 539 488 evecta
549 433 603 498 est,
614 443 715 486 omnes
727 414 1020 506 peragravit'insulas,

151 535 239 604 etque
262 531 304 586 ita
327 529 511 604 peregrinata
531 533 593 585 tota
616 526 691 584 Asia
711 531 764 593 est,
786 531 818 584 ut
839 543 870 582 se
891 527 1020 584 externis

152 629 296 686 oblineret
327 627 461 695 moribus,
488 643 661 700 omnemque
686 621 708 656 ²⁷
721 624 801 681 illam
825 623 1023 682 salubritatem

100 743 104 748 ·
154 727 275 784 Atticae
299 726 447 794 dictionis,
469 731 500 782 et
526 724 608 800 quasi
628 723 790 780 sanitatem
816 723 959 795 perderet,
986 738 1022 778 ac

152 825 231 899 loqui
252 842 346 897 paene
360 824 532 881 dedisceret.
575 821 654 878 Hinc
676 821 802 878 Asiatici
814 826 942 878 oratores
962 837 1022 878 nou

153 924 363 982 contemnendi
382 925 500 998 quidem
522 939 578 980 nec
599 923 760 990 celeritate,
781 939 837 978 nec
856 921 951 996 copia,
970 921 1022 980 sed

153 1039 255 1096 parum
269 1023 359 1095 pressi
370 1027 401 1078 et
414 1022 500 1080 nimis
515 1022 720 1078 redundantes.
763 1021 871 1076 Rhodii
884 1021 1022 1090 saniores,

150 1125 183 1177 et
198 1122 364 1178 Atticorum
385 1119 549 1178 similiores
592 1121 652 1176 Sed
672 1120 710 1176 de
730 1118 854 1176 Graecis
872 1119 1021 1176 hactenus.

150 1219 261 1277 etenim
274 1221 347 1277 haec
362 1220 425 1294 ipsa
440 1219 559 1278 forsitan
572 1219 679 1276 tuerint
697 1237 755 1276 non
770 1219 943 1298 necessaria,

192 1319 274 1374 Tum
298 1319 413 1386 Brutus,
436 1320 496 1376 ista
518 1335 597 1385 vero,
622 1317 725 1392 iuquit,
747 1335 833 1392 quam
858 1317 1023 1376 necessaria

153 1403 269 1484 inerint,
282 1434 341 1474 non
354 1417 441 1474 facile
465 1415 605 1474 dixerim:
620 1416 752 1489 jucunda
776 1421 856 1472 certe
878 1416 949 1472 mihi
963 1416 1022 1474 rue·

151 1519 230 1582 runt,
254 1533 346 1588 neque
370 1517 463 1573 solum
489 1534 546 1572 nou
569 1517 666 1588 longa,
689 1515 741 1572 sed
765 1517 854 1572 etiem
879 1515 1021 1584 breviora,

154 1629 242 1687 quam
266 1615 381 1671 vellem.
423 1614 550 1686 Optime,
577 1613 710 1687 inquam:
732 1609 783 1670 sed
807 1613 958 1670 veniamus
983 1613 1021 1670 ad

135 1717 275 1781 nostros,
289 1713 325 1768 de
338 1711 441 1786 quibus
462 1712 580 1770 difficile
602 1715 646 1768 est
668 1715 730 1784 plus
749 1706 920 1784 intelligere,
933 1695 1019 1786 quam

151 1815 291 1885 quantum
305 1829 343 1866 ex
359 1811 551 1869 monumentis
571 1809 711 1884 suspicari
730 1810 810 1867 licet
853 1810 1073 1887 Quisenim14

150 1913 235 1982 putet
249 1913 300 1964 aut
313 1908 493 1964 celeritatem
512 1909 623 1980 ingenii
637 1910 672 1966 L.
687 1909 779 1964 Bruto
793 1907 846 1973 illi,
860 1907 1021 1964 nobilitatis

148 2009 271 2061 vestrae
296 2003 430 2076 principi,
447 2001 601 2060 defuisse?
625 2003 674 2077 qui
694 2005 731 2058 de
750 2009 840 2059 matre
862 2004 1022 2062 suavianda

150 2121 190 2160 ex
206 2103 327 2164 oraculo
340 2101 487 2174 Apollinis
502 2107 559 2158 tam
582 2106 667 2158 acute
681 2107 835 2176 arguteque
849 2102 1018 2176 conjecerit.
1053 2085 1056 2088 ’

150 2201 200 2276 qui
212 2217 354 2257 summam
366 2200 545 2272 prudentiam
554 2200 738 2258 simulatione
751 2201 891 2258 stultitiae
904 2202 1018 2260 texerit.

152 2299 201 2375 qui
214 2298 446 2372 potentissimum
467 2317 572 2372 regem,
586 2299 739 2356 clarissimi
759 2299 834 2372 regis
855 2300 955 2368 filium,
968 2319 1019 2356 ex·

150 2397 265 2472 pulerit,
287 2397 504 2470 civitatemque,
527 2401 665 2470 perpetuo
685 2396 834 2453 dominatu
858 2398 1019 2468 liberatam,

152 2495 364 2572 magistratibus
379 2496 492 2562 annuis,
506 2495 616 2568 legibus
634 2494 810 2568 judiciisque
833 2497 1018 2570 devinxerit;

151 2595 202 2668 qni
214 2596 345 2667 collegae
367 2611 418 2650 suo
431 2593 584 2665 imperium
597 2594 790 2666 abrogaverit,
810 2598 842 2649 ut
855 2612 872 2650 e
894 2593 1019 2652 civitate

152 2691 255 2765 regalis
270 2692 396 2748 nominis
419 2689 586 2746 memoriam
610 2693 733 2746 tolleret.
754 2693 829 2764 quod
847 2692 1019 2752 certeeffici

149 2806 210 2848 non
231 2791 380 2862 potuisset,
395 2765 451 2846 nisi
465 2792 543 2844 esset
561 2787 693 2843 oratione
712 2804 886 2859 persuasum.
927 2789 1020 2845 Vide·

152 2905 215 2945 mus
226 2889 297 2944 item
311 2887 409 2960 paucis
423 2886 508 2944 aunis
523 2891 587 2960 post
601 2903 682 2958 reges
694 2889 823 2950 exactos,
838 2901 904 2942 cum
919 2887 1018 2958 plebes

149 3003 211 3060 prop
222 3004 240 3042 e
251 2987 342 3060 ripam
353 2985 477 3044 Anienis
486 2986 523 3042 ad
532 2986 647 3042 tertium
656 2982 821 3041 uiilliaricm
832 2984 1019 3056 consedisset,

180 3139 205 3171 ²⁷
219 3138 284 3184 iliam
297 3139 465 3200 salubritatem]
490 3137 541 3186 Hoc
558 3139 649 3192 verbum
664 3137 749 3186 delevit
766 3137 891 3200 Lambinus,
909 3139 1019 3202 quianon

151 3196 263 3257 discrepat
272 3197 302 3242 ab
310 3197 430 3243 cunintona.
464 3199 499 3244 An
508 3198 587 3244 Cicero
600 3199 685 3260 scripsit
694 3197 843 3256 mundaum,
858 3214 915 3260 qnae
929 3205 963 3246 est
977 3201 1018 3247 illa

149 3255 158 3300 i
175 3271 198 3300 sa
213 3255 329 3300 salubritas
340 3262 363 3300 et
373 3255 461 3310 sanitas,
477 3271 542 3316 quam
559 3257 637 3304 Atticis
655 3273 722 3318 saepe
737 3257 822 3314 tribuit,
841 3259 914 3304 utsal.
931 3263 955 3304 et
970 3274 1016 3305 sau.

169 3313 190 3358 ic
199 3328 218 3358 c.
232 3317 266 3360 17.
276 3328 341 3372 coquas
350 3314 477 3371 auiditate,
486 3329 550 3372 meam
558 3317 655 3362 Atticam
660 3319 743 3362 eccard.
754 3320 778 3360 et
786 3331 823 3361 sae
838 3331 851 3360 c
857 3316 930 3374 jungit
938 3315 1019 3362 Cicero

148 3371 319 3476 mmmm
328 3372 443 3476 tbupglcrplm.
475 3373 526 3443 Quo
536 3374 816 3479 ⁸¹¹mst⁰einifrp¹ii⁰i⁰⁹i9⁸
823 3331 892 3476 ἔξω
901 3374 1014 3478 iiiiii&

202 3465 207 3475 .
292 3445 318 3474 ce
348 3445 385 3481 tc,
415 3445 435 3476 aa
529 3445 546 3476 s.
658 3447 893 3479 mnrurraroeram
1011 3451 1012 3454 ¹

150 3497 177 3544 et
187 3487 300 3536 Ciceronis
317 3445 629 3540 anunmmqiiisennene
652 3491 743 3540 iuterim
752 3506 780 3540 ex
788 3492 823 3540 ed.
835 3491 892 3540 Ven.
903 3463 1017 3542 edidisti

190 3625 261 3672 von.
283 3625 329 3666 ur.
565 3608 624 3671 3*
