2444 4194
495 377 629 428 esurus.
933 360 1001 446 113'

126 528 283 588 neminem.
325 526 410 586 ¹Nec
433 526 464 584 in
485 527 542 585 boc
566 526 690 586 ironiam
711 525 821 584 dixeris
834 544 906 597 esse,
919 529 995 604 quod
1057 585 1058 592 ,

92 691 104 708 ⁸
127 643 193 686 carn
217 627 379 686 orationem
398 625 470 684 mibi
494 627 658 702 magistram
671 625 760 685 luisse
773 626 907 684 dixerim.
928 644 996 686 nam

126 727 184 784 etsi
197 732 228 784 tu
242 726 345 783 melius
359 725 526 783 existimare
540 727 647 783 videris
661 727 698 783 de
713 744 758 794 ea,
778 725 804 784 si
819 743 905 800 quam
918 741 996 782 nuuc

125 825 274 893 babemus,
287 825 441 895 facultate3
463 830 571 893 tamen,
592 826 791 882 adolescentes
813 823 882 900 quid
896 824 927 882 in
942 825 998 883 La·

124 925 193 983 linis
215 924 311 1002 potius
330 925 517 993 imitaremur,
539 941 599 982 non
622 924 807 981 habebamus.
849 924 936 996 Quod
949 939 999 981 au·

126 1025 185 1082 tem
209 1026 304 1097 plures
328 1041 347 1082 a
369 1023 454 1081 nobis
475 1023 616 1081 nominati
641 1027 718 1090 sunt,
740 1039 776 1080 eo
803 1021 941 1096 pertinuit
966 1025 999 1080 ut

124 1124 222 1196 paullo
235 1127 304 1179 ante
317 1119 394 1200 dixi)
417 1123 494 1196 quod
506 1121 633 1195 intelligi
646 1119 736 1188 volui,
749 1120 781 1178 in
794 1138 839 1188 eo,
852 1121 932 1195 cujus
940 1137 999 1178 om·

127 1235 180 1278 nes
193 1220 375 1295 cupidissimi
387 1224 494 1287 essent,
509 1235 594 1294 quam
605 1218 690 1292 pauci
703 1218 785 1294 digni
798 1219 917 1278 nomine
931 1235 999 1277 evo·

123 1319 236 1377 derent.
278 1321 376 1392 Quare
389 1337 461 1390 otgers
474 1335 530 1387 me,
544 1317 617 1375 nesi
633 1317 787 1376 Africanus
801 1318 916 1393 quidem
929 1317 992 1386 luit,

122 1413 170 1496 (ut
181 1417 224 1476 eit
243 1418 275 1476 iu
287 1418 408 1476 historia
426 1435 477 1476 sua
492 1417 527 1476 C.
543 1416 698 1497 Fannius)
718 1419 879 1476 existimari
893 1419 994 1476 velim.

123 1515 171 1575 Ut
189 1518 282 1583 voles,
304 1515 399 1590 inquit
422 1517 547 1575 Atticus.
588 1517 745 1592 Egoenim
765 1535 825 1576 uon
839 1518 997 1576 alienuma

123 1618 156 1672 te
165 1615 311 1688 putabam,
325 1613 398 1688 quod
413 1619 443 1672 et
456 1615 487 1672 in
502 1597 644 1673 Africano
654 1616 764 1685 luisset,
775 1620 806 1674 et
816 1615 848 1672 in
863 1617 994 1674 Socrate.

125 1713 208 1770 Tum
219 1713 333 1782 Brubrs,
345 1715 392 1770 De
406 1712 462 1771 isto
475 1720 593 1786 postea:
615 1715 667 1772 sed
678 1719 709 1772 tu
723 1711 839 1792 (inquit,
860 1731 907 1772 me
920 1715 996 1772 intus

125 1808 192 1888 ens)
211 1811 356 1868 orationes
377 1813 461 1870 nobis
486 1817 601 1870 veteres
625 1809 808 1886 explicabis?
838 1813 929 1880 Vero,
953 1813 996 1870 in·

123 1925 220 1986 quam,
235 1910 344 1966 Brute:
365 1911 418 1965 sed
437 1910 470 1966 in
489 1909 631 1977 Cumano,
645 1915 695 1968 eut
710 1912 740 1968 in
752 1911 932 1976 Tusculano,
947 1909 997 1966 ali·

122 2007 251 2083 quando,
273 2005 318 2062 'si
343 2007 429 2062 modo
448 2005 571 2062 licebit:
593 2007 727 2081 quoniam
741 2010 859 2081 utroque
881 2007 913 2063 in
931 2008 997 2064 loco

122 2103 220 2163 vicini
234 2121 340 2162 sumus.
383 2103 443 2162 Sed
448 2104 512 2178 jam
523 2105 560 2162 cd
573 2104 612 2173 id,
621 2105 698 2162 unde
708 2103 828 2180 digressi
842 2121 947 2174 sumus,
956 2123 997 2164 re·
1008 2114 1047 2174 88

125 2208 281 2261 vertamur.

162 2301 337 2360 Hortensius
350 2299 437 2375 igitur
450 2319 517 2360 cum
541 2302 694 2362 admodum
718 2303 890 2362 adolescens
913 2318 994 2364 orsus

40 2441 42 2448 ι
123 2405 201 2458 esset
213 2399 245 2458 in
258 2399 320 2457 loro
333 2400 440 2468 dicere,
454 2401 589 2459 celeriter
602 2402 639 2459 ad
653 2401 776 2475 majores
790 2420 892 2460 causas
913 2405 994 2461 edhi-

122 2499 185 2557 beri
205 2502 325 2570 coeptus
348 2503 401 2555 est.
422 2515 592 2574 quamquam
617 2499 762 2556 inciderat
781 2501 813 2558 in
833 2487 938 2559 Cottae
962 2505 994 2558 et

125 2597 251 2671 Sulpicii
265 2599 401 2664 aetatem,
409 2596 457 2670 qui
471 2597 554 2654 annis
565 2597 668 2654 decern
681 2598 812 2671 majores,
826 2601 992 2657 excellente

122 2699 184 2753 turn
199 2695 304 2753 Crasso
317 2699 349 2751 et
363 2693 504 2761 Antonio,
528 2693 634 2752 deinde
653 2695 798 2770 Philippo,
818 2701 883 2770 post
902 2697 992 2763 Julio,

122 2811 190 2852 eum
204 2785 240 2850 iis
254 2792 325 2867 ipsis
348 2791 467 2850 dicendi
486 2791 578 2865 glorio
596 2793 823 2865 comparabatur.
863 2793 993 2851 Primum

122 2891 363 2960 memorialem,
378 2894 516 2965 quantam
528 2889 560 2946 in
579 2891 640 2946 ullo
659 2889 833 2963 cognovisse
852 2903 900 2946 me
919 2891 992 2949 orbi-

121 2993 190 3058 tror,
203 2994 245 3055 ut,
255 3006 328 3064 quoe
340 3005 441 3046 recum
453 2993 664 3048 commentatus
678 2992 764 3057 esset,
778 3000 814 3046 ea·
828 2988 891 3048 sine
905 2990 991 3066 scrip·

120 3091 154 3145 to
167 3086 265 3145 verbis
279 3087 388 3146 eisdem
402 3089 544 3156 redderet,
563 3087 664 3164 quibus
684 3087 881 3163 cogitavisset.
922 3089 988 3151 Hoc

149 3241 159 3272 ¹
175 3237 301 3288 Necinboe
310 3239 407 3288 ironiam
417 3239 501 3288 dunas
511 3241 571 3302 erse]
602 3241 639 3288 Sic
648 3243 695 3289 lere
704 3242 755 3290 edd.
766 3257 799 3306 pr.
823 3243 897 3293 Aldus
906 3247 985 3298 cVen.

120 3297 186 3345 dedit
195 3299 295 3357 duceris,
312 3299 413 3346 imitentur
421 3301 507 3372 Junta'j
522 3301 581 3362 quod
591 3299 690 3348 defendit
704 3301 789 3360 Riviuls,
805 3303 842 3366 qui
852 3319 902 3352 eam
911 3306 988 3352 lectio-

119 3373 172 3406 nem
182 3373 206 3404 se
216 3356 270 3404 dicit
279 3358 393 3420 reperisse,
403 3373 483 3420 nempe
495 3373 518 3406 m
533 3359 568 3406 ed.
580 3359 675 3407 Veneta.
692 3375 732 3407 uec
745 3362 838 3408 ducem
847 3379 895 3409 curn
908 3379 950 3410 aare
964 3367 988 3408 et

119 3416 266 3521 susbstanqtivo,
282 3418 397 3522 cqmmode
405 3416 493 3465 dicitur.
524 3418 634 3466 Similiter
652 3420 758 3467 edicitur
766 3421 825 3468 male
834 3423 916 3470 luctum
925 3421 989 3470 daei·

119 3481 160 3522 tur
169 3488 192 3520 ιη
225 3489 261 3536 op.
269 3489 289 3520 e
330 3509 335 3522 .
984 3480 992 3491 ““

149 3551 361 3616 ²simodoticebit.]
391 3555 667 3614 Putolegeodumlitabs't.
683 3572 734 3603 uam
749 3557 839 3614 licebat,
855 3555 989 3618 proptervi-

118 3609 249 3670 cultatem
264 3612 368 3672 puniam
376 3617 467 3674 astrapen
475 3613 503 3660 in
512 3615 556 3661 loeo
564 3616 634 3664 ciam
643 3629 726 3663 mmm.

159 3710 232 3750 von.
253 3709 301 3752 ιιι.
545 3699 577 3752 ll
