2444 4194
234 329 295 388 no
597 319 732 389 fluvius·
771 281 773 288 ’

230 474 356 537 acutum,
374 469 508 544 pnrdens,
527 471 558 526 et
581 468 660 526 idem
673 467 827 536 sincerum,
848 471 879 524 et
890 465 1055 536 “solidum
1068 475 1099 526 et

230 566 414 626 exsiccatum
427 585 517 641 genus
528 566 666 624 orationis
680 569 812 640 probant,
832 585 888 624 nec
902 566 954 626 illo
966 568 1100 641 graviore

228 671 332 724 ornatu
352 666 476 724 oratorio
489 669 614 733 utuntur,
635 670 666 722 et
678 667 734 722 hoo
749 666 893 740 proprium
906 683 970 724 esse
986 667 1099 724 Attico-

229 782 291 822 rum
304 767 423 834 volunt3
442 769 521 822 recte
544 765 672 822 laudant
713 765 767 822 Est
780 765 860 823 enim
878 764 988 822 inarte
1007 769 1097 833 tanta,

171 891 175 900 ·
228 868 344 938 tamque
368 863 460 930 varia,
492 863 580 920 etiam
599 863 666 920 huic
690 863 818 923 minutae
839 863 993 934 subtilitati
1008 865 1098 921 locus.

228 961 270 1020 ita
281 962 341 1029 fiet,
353 967 454 1019 utnon
465 978 575 1030 omnes,
586 961 635 1035 qui
650 961 761 1029 Attice,
774 961 864 1018 iidem
878 964 972 1031 bene,
992 963 1053 1029 sed,
1067 965 1101 1018 ut

134 1085 140 1102 ι
229 1077 339 1129 omnes,
363 1061 412 1136 qui
433 1062 518 1128 bene,
538 1060 628 1118 iidem
649 1060 738 1118 etiam
760 1060 862 1118 Attice
886 1060 995 1118 dicant.
1038 1061 1100 1118 Sed

227 1161 378 1218 redeamus
392 1149 485 1218 rursus
500 1161 537 1218 ad
552 1159 746 1219 Hortensium.

175 1249 217 1307 35
270 1260 350 1316 Sane
369 1257 495 1332 quidem,
516 1258 612 1333 inquit
625 1259 748 1316 Brutus:
769 1274 939 1332 quamquam
955 1256 1013 1315 ista
1026 1256 1099 1314 mihi

227 1360 278 1412 tua
300 1356 354 1412 luit
376 1357 552 1428 perjucunda
572 1374 591 1412 a
614 1355 759 1429 proposita
785 1357 915 1413 oratione
938 1354 1099 1429 degressio.

228 1453 308 1510 Turn
333 1453 459 1521 Atticus,
485 1454 650 1528 Aliquoties
673 1471 745 1522 sum,
772 1454 875 1529 inquit,
899 1457 1033 1522 conatus,
1046 1455 1099 1510 sed

226 1552 411 1626 interpellare
432 1552 521 1608 nolui.
564 1553 661 1620 Nunc,
685 1554 823 1628 quoniam
846 1554 881 1610 ad
906 1554 1099 1626 perorandum

225 1656 358 1724 spectare
373 1651 488 1708 videtur
501 1669 597 1710 sermo
608 1656 683 1718 tuus,
701 1651 807 1720 dicam,
820 1652 932 1724 opinor,
944 1652 1023 1725 quod
1037 1668 1101 1707 sen-

226 1748 277 1806 tio.
319 1749 369 1806 'I'u
383 1767 464 1817 vero,
475 1749 602 1823 inquam,
614 1749 697 1806 Tite.
739 1751 819 1806 Tum
833 1750 894 1817 ille,
907 1749 982 1821 Ego,
996 1748 1101 1823 inquit,

225 1846 350 1906 ironiam
362 1847 455 1916 illam,
469 1864 554 1922 quam
567 1847 599 1904 iu
615 1849 735 1906 Socrate
748 1847 850 1904 dicunt
862 1847 960 1915 luisse,
974 1863 1032 1922 qua
1049 1847 1100 1904 ille

225 1948 258 2004 in
271 1946 413 2014 Platonis,
427 1950 458 2002 et
471 1945 685 2019 Xenophontis,
697 1949 728 2003 et
739 1945 898 2004 Aeschinis
909 1944 989 2006 libris
1003 1945 1101 2013 utitur,

224 2045 350 2104 facetam
361 2049 391 2126 et
401 2046 567 2118 elegantem
579 2049 658 2118 puto.
680 2049 725 2102 est
739 2045 818 2105 enim
832 2048 863 2101 et
875 2043 996 2102 minime
1005 2043 1099 2117 inepti

227 2143 363 2210 hominis,
387 2147 419 2198 et
439 2141 569 2214 ejusdem
593 2142 682 2200 etiam
695 2142 793 2210 faceti,
814 2159 881 2198 cum
902 2143 940 2198 de
954 2141 1100 2216 sapientia

223 2239 410 2311 disceptetur,
434 2238 511 2294 hanc
529 2236 585 2292 sibi
609 2239 703 2310 ipsum
716 2238 877 2311 detrahere,
902 2239 946 2297 eis
973 2239 1099 2298 tribuere

223 2335 403 2404 illudentem,
415 2333 436 2366 ⁰⁸
444 2335 492 2410 qui
500 2351 566 2394 eam
574 2334 630 2392 sibi
641 2341 792 2409 arrogant:
806 2341 839 2394 ut
852 2339 928 2410 apud
942 2339 1099 2398 Platonem

226 2433 361 2491 Socrates
384 2433 417 2491 in
438 2436 552 2494 coelum
565 2433 646 2492 effert
666 2433 798 2494 laudibus
812 2435 1009 2510 Protagoram,
1027 2437 1099 2510 Hip·

223 2531 314 2607 piam,
330 2533 494 2601 Prodicum,
509 2533 658 2608 (iurgium,
666 2538 795 2605 ceteros3
815 2553 847 2592 ss
861 2535 1098 2594 autemomnium

223 2648 318 2690 rerum
332 2631 456 2690 inscium
470 2631 554 2706 lingit
567 2637 598 2690 et
611 2635 719 2690 rudem.
740 2635 827 2691 decet
841 2635 896 2691 hoo
910 2635 1014 2693 nescio
1028 2652 1095 2710 quo-

223 2731 311 2789 modo
323 2730 405 2788 illum
419 2751 426 2786 :
447 2748 504 2789 neo
517 2731 654 2805 Epicuro,
674 2732 767 2808 quiid
781 2732 977 2807 reprehendit,
999 2751 1097 2792 assen-

225 2828 291 2888 tior.
333 2831 392 2889 Sed
403 2829 436 2887 in
447 2828 576 2899 historia,
584 2849 641 2906 qua
651 2837 681 2890 tu
690 2850 721 2889 es
731 2849 798 2890 usus
811 2832 841 2888 in
856 2831 936 2890 omni
950 2849 1095 2899 sermone,

223 2945 300 2998 cum,
322 2930 415 3004 qualis
439 2930 558 3004 quisque
577 2935 673 2988 orator
694 2929 804 2999 suisset,
823 2947 994 3004 exponeres,
1015 2931 1095 2998 vide,

222 3044 339 3100 quaeso,
352 3027 455 3102 inquit,
469 3045 506 3085 ne
521 3032 580 3084 tam
594 3029 829 3101 reprehendenda
840 3029 879 3087 sit
891 3029 994 3097 ironia,
1008 3047 1096 3103 quom

221 3123 254 3180 in
274 3124 449 3182 testimonio.
493 3126 629 3198 Quorsus,
653 3126 778 3201 inquam,
800 3126 898 3186 istuc?
925 3145 985 3187 non
1014 3129 1095 3186 enim

221 3220 363 3294 intelligo.
405 3222 482 3294 Quia
495 3222 626 3296 primum,
650 3223 751 3300 inquit,
773 3225 815 3284 ita
837 3227 996 3284 laudavisti
1010 3243 1095 3302 quoa·

250 3373 273 3407 Μ
287 3372 393 3433 solidum]
409 3388 454 3420 non
464 3373 493 3420 ad
508 3375 658 3433 integritatem
673 3379 767 3426 aeleram
783 3395 832 3426 rum
846 3379 954 3436 Corrado,
971 3381 1011 3428 sed
1021 3381 1050 3426 ad
1060 3393 1093 3426 se

221 3447 291 3495 quens
301 3431 440 3501 comeatum,
451 3432 596 3495 intelligoque
602 3436 691 3482 ductmn
701 3453 715 3482 a
726 3437 776 3484 cibo
785 3439 887 3486 solido'et
896 3439 962 3497 sicco,
977 3438 1015 3501 qni
1025 3453 1095 3501 oppo-

220 3492 281 3540 nitur
289 3490 351 3538 molh
359 3491 506 3549 etJ'urulento,
516 3497 593 3554 estque
602 3495 689 3542 saluber
698 3495 804 3557 inprimis,

250 3571 272 3604 Β
286 3571 326 3630 qui
335 3569 431 3639 carpathi
437 3572 563 3632 arrogent]
595 3573 738 3622 scribendum
751 3579 786 3622 est
794 3580 905 3634 arrogem,
921 3579 947 3624 ut
959 3575 1026 3624 facile
1036 3576 1093 3639 quta

221 3643 272 3692 que,
283 3630 409 3678 admonitus
417 3629 505 3690 altem,
516 3630 604 3680 sentiat.
