2444 4192
359 353 550 406 meones
563 351 786 405 rsarnronns.
941 359 1002 420 311

143 499 258 562 (inrita
269 501 427 576 scripserit,
440 502 465 559 si
483 502 527 562 ita
545 519 606 560 non
627 498 773 564 senserit?
792 499 860 569 Cur,
873 517 940 560 curn
960 517 1005 572 ea,

141 615 216 674 quae
229 601 316 673 plane
336 600 444 674 scriptu
464 601 532 668 sint,
551 599 572 634 ⁰
584 601 756 676 neglexerit,
774 617 848 676 quae
867 615 1007 674 nusquam

140 697 481 772 soriptaeintprolerati
501 697 1007 774 Durprudentissimosinsorilrendo

139 797 228 865 viros,
241 813 369 856 summae
380 798 521 856 stultitiae
535 803 616 871 putet
629 815 693 856 esse
706 793 907 856 damnandos?
928 795 1007 869 Quid

139 893 306 968 impedierit
318 897 495 969 scriptorem,
505 913 562 971 quo
574 896 669 954 minus
680 897 830 970 exciperet
839 895 920 965 illud,
930 896 1007 971 quod

139 993 331 1062 adversarius,
344 999 490 1069 tamquam
511 994 537 1051 si
557 1000 714 1068 exceptum
734 1000 821 1063 esset,
839 993 860 1026 ⁸⁰
872 994 915 1052 ita
933 993 1008 1052 dicit

138 1107 173 1148 ee
186 1090 337 1152 mutum?
358 1093 465 1151 Utetur
483 1093 626 1166 exemplis
647 1093 693 1161 iis,
707 1093 808 1168 quibus
828 1093 906 1151 idom
918 1092 1007 1168 scrip·

136 1193 198 1246 tor:
217 1195 275 1258 aut,
290 1191 317 1248 si
330 1191 362 1249 id
375 1209 436 1248 non
450 1191 565 1263 poterit,
578 1189 681 1266 quibus
695 1192 756 1260 alii,
767 1193 844 1266 quod
856 1191 1007 1265 excipien-

138 1288 208 1346 dnm
218 1290 355 1362 putarint,
366 1289 545 1362 exceperint
588 1290 760 1362 Quaerenda
769 1290 859 1350 etium
868 1289 943 1348 ratio
952 1299 1006 1358 est,

139 1386 167 1444 si
180 1403 237 1461 qua
248 1388 355 1460 poterit
374 1387 612 1462 inveniriquam
633 1389 745 1448 nonsit
763 1393 934 1463 exceptum:
956 1392 1007 1447 aut

138 1483 239 1558 iniqua
253 1485 313 1552 lex,
326 1491 375 1542 ant
387 1485 498 1544 inutilis
519 1486 614 1568 lutura
625 1485 755 1560 dicetur,
768 1493 818 1545 aut
839 1487 897 1545 alia
917 1503 1007 1545 causo

137 1582 369 1656 obtemperandi,
391 1583 450 1642 elia
471 1585 647 1660 abrogandi:
675 1585 830 1644 dissentire
848 1583 1006 1641 adversarii

139 1697 247 1740 vocem
260 1686 346 1756 atque
369 1681 451 1756 legis.
494 1683 612 1742 Deinde
635 1681 832 1755 amplificandi
852 1696 950 1749 eausa,
968 1681 1005 1738 de

138 1779 348 1838 conservandis
370 1780 491 1854 legibus,
504 1781 541 1837 de
562 1779 692 1854 periculo
714 1797 808 1838 rerum
830 1779 1007 1852 publicarum

138 1882 226 1951 atque
240 1877 426 1950 privatarum,
439 1895 507 1936 oum
527 1878 593 1936 aliis
614 1877 696 1945 locis,
712 1877 803 1934 tum
794 1895 826 1934 in
847 1878 1057 1950 perorando

138 1975 267 2034 maxime
281 1975 410 2049 graviter
419 1977 474 2032 erit
488 1976 733 2049 vehementerque
743 1975 910 2032 dicendum
950 1976 1006 2033 llle
1016 1975 1058 2035 39

139 2078 248 2142 autem,
261 2073 311 2147 qni
325 2091 356 2130 se
375 2073 521 2132 sententie
543 2073 616 2147 legis
640 2075 845 2148 voluntateque
862 2071 1008 2140 defendet,

137 2172 172 2232 iu
185 2171 311 2230 consilio
323 2171 454 2246 atquem
465 2177 563 2230 mente
574 2171 730 2244 scriptoris,
743 2189 803 2228 non
815 2170 848 2228 in
861 2171 957 2228 verbis
970 2185 1007 2229 ae

138 2269 244 2328 litteris
255 2271 318 2328 vim
328 2270 401 2345 legis
411 2270 534 2346 positorn
545 2287 609 2328 esse
619 2270 771 2328 desendet:
791 2270 922 2344 quodque
933 2267 1007 2327 nihil

141 2368 294 2441 exceperit
315 2369 347 2426 in
369 2371 443 2443 lege,
467 2369 604 2436 laudabit,
623 2385 661 2426 ne
681 2368 855 2426 diverticula
878 2367 1007 2440 peccatis

139 2467 386 2538 dereptumque
398 2471 481 2522 ntes
495 2466 573 2522 laoto
585 2465 723 2536 cujusque
735 2464 829 2534 judex
843 2463 916 2536 legis
929 2481 1008 2521 men·

140 2570 203 2622 tem
216 2564 457 2635 interpretaretur.
501 2561 619 2620 Deinde
632 2561 687 2618 erit
701 2561 838 2620 utendum
857 2559 1008 2635 exemplis

141 2663 174 2721 in
201 2659 304 2736 quibus
330 2659 425 2716 omnis
451 2659 582 2734 aequitas
613 2657 829 2732 “perturbetun
858 2660 884 2717 si
910 2659 1008 2720 verbis

141 2763 249 2834 legum,
271 2775 307 2814 ae
329 2773 388 2814 non
412 2757 565 2814 sententiis
588 2761 729 2831 pareatur.
778 2758 895 2816 Deinde
918 2777 1008 2832 genus

142 2857 285 2933 ejusmodi
298 2854 469 2913 calliditatis
481 2860 512 2914 et
525 2855 688 2912 calumnias
699 2857 857 2913 retrahatur
867 2857 897 2914 in
911 2855 1009 2914 odurm

137 2955 257 3031 judicis,
270 2971 337 3014 curn
351 2955 474 3028 quadnrn
487 2951 634 3010 invidiosa
646 2955 771 3030 querela.
812 2953 886 3014 Etsi
898 2953 1009 3016 incidet

140 3053 353 3128 imprudentiae
374 3069 472 3121 causa,
495 3067 569 3127 quae
590 3067 651 3108 non
671 3053 708 3109 ad
731 3051 879 3120 delictum,
900 3053 952 3109 sed
970 3052 1008 3110 ad

171 3207 193 3240 ⁸⁹
203 3205 346 3277 micuerit]
378 3204 624 3261 Sicscrrscn‘beudum,uon
641 3205 750 3262 mons:
765 3203 834 3250 etsie
849 3204 934 3252 habent
949 3205 1006 3254 Mas.

139 3265 217 3322 nostri,
228 3263 343 3312 eddenV
343 3263 426 3310 Med
437 3264 501 3310 Junt
531 3238 791 3325 Statiuspostnnapunrn
801 3263 1008 3312 beneMstnoe
1072 3297 1075 3302 -

143 3322 403 3383 nunpwrnutvulgati.
435 3322 472 3368 Sic
481 3323 548 3368 etad.
560 3322 618 3370 Ven.

173 3400 487 3462 “indiffloerds'cot

172 3480 192 3512 ⁹¹
207 3478 423 3538 mertuum]
400 3477 436 3524 Sic
445 3423 879 3538 properturtare'tardedimuseMs.
874 3478 902 3524 D.
914 3475 944 3523 V.
955 3475 1006 3522 edd.

142 3537 201 3584 Ven.
209 3537 275 3584 Med
284 3538 347 3584 lunt
379 3492 904 3630 Namaliaspostscribsndumessetporsntur
931 3534 1009 3626 liliam

142 3593 544 3655 dnedbrisnoevlnetedidieen.
987 3651 988 3654 Ἴ
1069 3611 1093 3618 ·’
