2460 4184
529 341 664 392 cruror.
961 353 1024 414 103

144 489 266 565 «incuria
277 489 372 549 verba
385 505 487 558 renim,
500 491 553 548 aed
566 492 705 566 pleraque
719 488 838 550 tralata':
857 492 901 551 ric
915 498 1023 565 tamen,

151 594 184 648 at
196 606 232 646 ee
243 607 303 647 nun
317 588 432 646 irruuse
443 588 474 646 in
488 588 616 647 alienum
639 592 746 658 locum,
771 591 823 648 aed
847 590 1023 668 immigrasse

151 687 182 744 in
192 705 277 744 suum
290 687 412 746 dicerer.
432 705 488 746 nec
502 705 573 744 vero
583 689 657 746 haec
671 691 776 756 uoluta,
787 705 843 746 nec
854 689 1025 768 diffluentia,

105 847 108 851 ,
141 787 204 842 'sed
217 786 356 844 adstricta
369 786 505 854 numeris,
524 803 583 844 non
606 793 714 860 aperte,
735 805 791 846 nec
813 789 918 847 eodem
940 789 1026 848 modo

145 901 274 958 eemper,
288 884 440 942 seductio
453 885 724 960 dissimulanterque
737 887 902 948 conclusiu·
934 885 1027 944 Erant

141 988 249 1040 ¹cutem
264 988 295 1040 et
313 984 466 1040 verborum
480 988 510 1041 et
523 984 735 1040 sententiarum
748 984 800 1042 ilia
818 985 1027 1060 lumina„quae

150 1088 261 1140 vocant
272 1081 380 1142 Graeci
394 1105 517 1154 σχηματα,
529 1081 631 1156 quibus
643 1086 779 1157 tanquam
791 1080 812 1114 ω
824 1083 985 1156 insignibus
995 1083 1027 1140 in

147 1186 264 1248 ornatu,
285 1181 516 1254 distinguebatur
529 1179 624 1238 omnis
642 1181 743 1238 oratio.
764 1198 820 1256 qua
838 1181 875 1239 de
889 1199 921 1238 re
934 1181 1028 1256 agitur

147 1285 260 1347 auteur,
286 1281 359 1338 illud
382 1280 459 1353 quod
484 1278 582 1336 multis
606 1277 679 1337 lucie
702 1279 734 1338 iu
755 1279 1027 1352 jurisconsultorum

148 1379 312 1436 includitur
323 1378 461 1446 formulis,
474 1377 495 1408 ⁸⁴
507 1378 538 1434 id
552 1377 601 1436 ubi
616 1384 703 1448 eruet,
722 1379 850 1438 videbat.
892 1381 1025 1440 Accede·
1038 1387 1080 1445 80

147 1479 204 1534 bat
217 1477 289 1532 ordo
302 1494 395 1533 rerum
407 1480 508 1550 plenus
530 1478 610 1544 artie,
628 1478 708 1537 actio
725 1479 863 1548 liberatis,
877 1485 1025 1555 totumque

146 1573 275 1632 dicendi
295 1573 440 1646 piacidum
454 1579 485 1633 et
503 1593 606 1636 sanum
618 1595 720 1652 genae.
762 1577 875 1650 Quodsi
894 1582 940 1635 eet
952 1577 1025 1651 opti·

149 1689 243 1740 mum,
267 1672 396 1730 suaviter
419 1674 535 1743 dicere3
556 1675 631 1732 nihil
658 1681 713 1744 eet,
740 1677 816 1749 quod
837 1676 941 1734 melius
967 1677 1024 1734 boc

146 1773 347 1846 quaerendum
369 1776 462 1845 putee.
504 1774 565 1830 Sed
588 1791 655 1830 cunr
681 1791 700 1830 a
726 1775 810 1831 nobie
837 1776 934 1848 pacilo
955 1779 1024 1832 ante

144 1869 260 1927 dictum
273 1869 321 1937 sit,
335 1871 391 1926 tric
409 1871 504 1927 videri
520 1889 593 1940 erae,
604 1871 678 1946 quae
691 1875 788 1930 orator
802 1872 918 1932 efficere
939 1873 1025 1930 debe

143 1973 204 2034 ret,
217 1971 250 2024 ut
263 1968 392 2033 doceret,
404 1968 616 2034 atdeleeteret,
628 1974 661 2024 ut
674 1973 821 2024 moveret:
843 1970 901 2024 duo
914 1986 1024 2030 summe

144 2063 257 2131 tenuit,
270 2068 303 2120 ut
321 2067 352 2120 et
372 2079 434 2120 rem
457 2062 615 2120 illustraret
637 2065 815 2131 disserendo,
834 2069 866 2120 et
878 2063 898 2096 ⁸⁵
912 2064 1024 2126 animoa

141 2179 260 2228 eorum,
281 2160 331 2235 qui
357 2159 502 2228 audirent,
524 2160 690 2219 devinciret
711 2163 871 2235 voluptate.
913 2165 1025 2224 Aberat

143 2259 301 2319 tertiuilla
314 2260 385 2327 latu,
408 2276 464 2333 que
487 2265 671 2340 permoveret
693 2265 780 2336 atque
803 2259 941 2322 incitaret
961 2265 1023 2324 ani·

134 2357 487 2433 ·moo,quamplurimum
508 2361 617 2432 pollere
639 2360 777 2429 diximus,
799 2377 856 2418 nec
878 2367 939 2420 erat
962 2365 1023 2422 ulta

145 2459 195 2518 vie
209 2461 296 2532 utque
316 2457 484 2516 eontentio:
502 2457 569 2514 eive
582 2459 715 2526 consilio,
729 2461 806 2534 quod
825 2479 885 2530 ece,
903 2478 1023 2536 quorum

142 2559 235 2618 citior
247 2555 349 2623 oratio,
363 2555 497 2630 actioque
521 2560 598 2612 eruet
620 2558 776 2628 ardentior,
800 2560 894 2618 turere
908 2563 939 2616 et
956 2560 1022 2618 bec-

145 2657 232 2716 cbari
255 2653 450 2720 arbitraretur,
471 2653 548 2721 rive,
569 2645 645 2727 quod
672 2661 775 2714 nature
795 2671 855 2716 non
878 2663 957 2715 earet
979 2657 1023 2714 ita

142 2753 337 2823 tentamine,
350 2752 428 2826 qnod
441 2767 501 2808 non
514 2757 692 2820 consuescet,
707 2753 781 2822 sive,
795 2757 872 2829 quod
884 2773 945 2813 non
957 2772 1022 2828 por·

143 2859 201 2913 eet.
222 2855 279 2911 boc
300 2867 390 2908 unum
402 2847 455 2916 itti,
469 2848 495 2905 ei
509 2848 584 2906 nihil
596 2849 730 2908 utilitatis
752 2851 889 2919 babebat,
912 2851 1020 2910 obtuit:

144 3004 371 3115 ,nunu
385 3003 488 3108 nur
502 3001 1021 3132 ,rcum

145 3139 222 3196 aanor
231 3128 278 3170 eet:
295 3121 385 3183 quaein
395 3121 481 3182 reliquo
490 3125 571 3168 ornatu
581 3126 631 3168 urnt
640 3122 740 3181 uurguin
758 3123 897 3187 maximeque
906 3117 1021 3175 incurrunt

146 3199 170 3232 rc
180 3197 262 3231 meur.

176 3258 359 3318 aucune]
391 3257 555 3306 Nondubitnvi
565 3257 597 3306 ric
611 3258 724 3319 corrigere
740 3261 855 3322 vulgatam
870 3265 944 3312 etuti
960 3268 1018 3312 uara

142 3321 226 3368 ciero
234 3317 290 3365 dicit
301 3317 367 3373 enirn,
385 3330 436 3362 eum
454 3322 557 3364 oeurmte
566 3317 648 3364 vidisse
664 3319 695 3377 id,
713 3335 757 3382 quo
772 3336 847 3368 course
857 3324 1020 3377 contineretur,

162 3395 190 3426 ua
207 3379 236 3425 de
254 3391 279 3422 re
294 3381 407 3434 ageretur:
427 3376 547 3438 quodquia
557 3375 699 3437 inportremo
708 3381 789 3440 potuit,
804 3379 830 3426 id
839 3381 1020 3444 praeponendum

172 3439 197 3484 it.
229 3436 296 3486 Nihil
305 3439 346 3491 eet,
357 3447 451 3496 quocum
462 3433 510 3492 hoc,
521 3435 562 3482 utn'
570 3441 629 3493 cruet,
637 3439 760 3499 copuletur,
772 3439 790 3486 si
798 3439 824 3488 id
833 3455 876 3487 non
886 3439 989 3486 addatur.

177 3516 199 3548 ¹⁵⁵
206 3514 292 3584 arrianae
300 3539 309 3548 -
316 3539 326 3548 -
334 3512 456 3583 devinciret
465 3515 596 3622 uu'lttgrtute.)J
608 3515 708 3564 Verbum
714 3519 870 3566 deaiudrctab
880 3519 923 3564 hoc
931 3515 1022 3576 quidem

146 3573 301 3622 iorovrdebrr
309 3572 413 3618 nbenum.
445 3571 562 3634 Surpnose

148 3632 203 3680 m
211 3633 242 3680 de
250 3631 332 3678 adem
342 3642 367 3676 m
376 3627 432 3676 dim
596 3573 708 3624 ieronem
722 3578 791 3625 credo
805 3576 918 3632 deliniret,
928 3577 954 3621 ut
971 3573 1022 3620 aliu
