2444 4192
225 333 289 396 274
443 331 635 380 oasuonrsa
650 325 872 380 susurrones.

222 493 301 544 osso,
314 493 382 536 oum
394 475 415 509 ⁵⁰
423 478 507 536 aliter
516 479 633 547 oeoidit,
646 496 681 536 ao
692 483 824 554 putatum
833 476 885 536 sit:
900 476 1091 551 permotione,

223 591 291 632 oum
304 580 354 632 aut
364 576 485 645 oblivio,
498 584 548 635 aut
561 594 646 646 error,
659 582 708 636 aut
722 582 825 646 metus,
838 581 887 634 aut
900 575 998 651 aliqua
1012 576 1091 650 oupi-

223 673 323 730 ditatis
349 691 436 732 eausa
460 676 612 750 permovit.
653 676 706 732 Est
731 675 819 733 etiam
841 676 872 732 in
894 675 1092 748 imprudentia

223 773 384 830 necessitas
397 775 539 845 ponenda.
581 775 689 832 Rerum
702 780 799 832 antem
809 777 947 832 bonamm
958 777 990 830 et
1004 775 1091 830 maio·

224 888 286 928 rum
300 872 354 930 tria
369 877 435 930 sunt
448 889 565 946 genera.
586 891 654 930 nam
667 876 716 930 sut
731 872 762 930 in
783 871 897 939 animis,
918 877 969 928 ant
983 871 1016 929 in
1029 889 1090 930 eor·

224 971 349 1042 poribus,
369 975 418 1028 aut
436 971 522 1028 extri
534 988 598 1028 esso
618 976 744 1044 possunt.
786 971 880 1046 Hujus
900 969 990 1045 igitur
1003 974 1091 1030 mote-

224 1067 294 1136 riae,
313 1070 351 1126 od
369 1075 567 1144 argumentum
586 1069 742 1142 subjeotoe,
761 1071 977 1142 perlustrandae
991 1069 1088 1128 animo

224 1172 319 1240 partes
334 1174 417 1225 erunt
430 1184 539 1235 omnes,
556 1174 586 1225 et
599 1169 636 1224 ad
649 1167 689 1235 id,
702 1169 777 1242 quod
791 1171 898 1242 agetur,
913 1185 952 1224 ex
967 1166 1087 1242 singulis

224 1266 391 1339 oonjeoturs
404 1265 555 1339 cupienda.
586 1265 643 1329 Est
655 1267 745 1326 etiam
754 1285 843 1341 genus
857 1271 1088 1342 argumentorum

224 1361 312 1430 alind,
325 1365 401 1438 quod
414 1383 452 1420 ex
467 1364 537 1421 tacti
552 1364 682 1438 vestigiis
696 1365 824 1432 sumitur,
836 1371 869 1422 ut
881 1367 983 1433 telum,
997 1382 1088 1432 eruor,

223 1460 363 1518 “elamor
382 1462 484 1530 editus,
505 1463 648 1530 titubatio,
670 1464 841 1536 permutatio
858 1463 975 1532 eoloris,
995 1464 1087 1522 oratio

224 1560 401 1628 inconstans,
415 1565 528 1628 tremor,
542 1565 686 1618 eteorum
697 1561 816 1637 aliquid,
836 1563 910 1636 quod
924 1579 1012 1620 sensu
1026 1581 1087 1636 per·

226 1658 286 1732 cipi
303 1657 412 1734 possit:
432 1658 546 1716 etiamsi
567 1664 766 1733 praeparatum
785 1660 902 1736 aliquid,
922 1660 1086 1720 sioommn·

226 1757 354 1816 nioatum
368 1775 434 1816 oum
454 1759 558 1833 aliquo,
575 1759 600 1815 si
614 1763 713 1831 postea
732 1759 836 1825 visum,
855 1759 989 1826 anditum,
1008 1759 1084 1816 iudi-

226 1863 331 1915 oatnm.
372 1857 552 1915 verisimilia
579 1863 676 1915 autem
699 1859 803 1931 partim
827 1857 940 1932 singulo
964 1861 1085 1916 movent
1201 1877 1202 1896 ¹

226 1973 277 2014 suo
291 1957 425 2029 pondere,
439 1957 552 2029 partim,
566 1955 680 2041 etiamsi
694 1956 827 2016 videntur
835 1975 904 2012 esse
919 1956 1024 2032 exigua
1036 1974 1088 2031 per
1201 2037 1202 2040 Ἴ

225 2073 267 2122 se,
287 2057 408 2113 multum
421 2059 527 2123 tamon,
549 2072 616 2113 eum
635 2049 702 2112 sunt
720 2061 902 2120 coacervato,
925 2056 1087 2128 proficiunt.
1201 2051 1202 2070 ³

226 2160 311 2226 atque
324 2153 355 2210 io
376 2153 421 2208 his
435 2154 639 2211 verisimilibus
659 2155 758 2212 insunt
775 2170 991 2229 nonnumquam
1002 2155 1088 2213 etism

224 2255 322 2304 certae
343 2267 436 2306 rerssm
460 2256 490 2306 et
511 2251 641 2322 propriae
665 2257 761 2308 notae.
803 2252 965 2310 Maximam
992 2259 1089 2310 nutem

224 2344 295 2401 fucit
307 2344 392 2401 fidem
406 2346 443 2401 od
454 2343 673 2404 similitudinem
688 2350 761 2418 veri,
776 2349 896 2422 primum
906 2354 1090 2426 exemplum

225 2443 330 2502 deinde
349 2443 512 2502 introducta
531 2445 574 2502 rei
595 2445 769 2504 similitudo:
794 2448 890 2505 tabula
911 2449 1003 2507 etiam
1021 2468 1089 2508 non-

180 2551 186 2560 '
225 2561 389 2618 numquam,
401 2541 421 2575 ⁶¹
432 2543 488 2602 etsi
498 2549 543 2601 est
554 2543 744 2614 incredibilis,
758 2551 855 2608 tameo
867 2547 1001 2606 homines
1014 2565 1089 2606 oom-

225 2648 333 2700 movet.

176 2751 216 2814 12
266 2742 302 2801 0.
315 2742 350 2799 Ρ.
366 2741 444 2814 Quia
454 2738 466 2800 ?
475 2742 652 2800 definitionis
666 2759 739 2817 qnae
752 2743 826 2800 ratio
839 2748 883 2801 est
894 2747 924 2802 et
934 2763 1009 2820 quoe
1024 2742 1089 2804 via?
1199 2799 1200 2802 ,

226 2841 262 2900 0.
275 2842 308 2899 P.
325 2843 393 2900 Non
404 2840 521 2899 dubium
530 2847 574 2899 est
582 2841 611 2920 iri
624 2842 747 2916 quidem,
761 2842 830 2916 quin
840 2842 973 2901 definitio
980 2861 1085 2919 genere

224 2942 393 3010 declaretur,
408 2946 438 2998 et
457 2941 631 3014 proprietate
645 2942 776 3016 quadum,
796 2946 845 2996 out
858 2941 949 2999 etiam
962 2959 1086 3000 eommu-

224 3037 306 3094 nium
316 3038 484 3114 frequentia,
494 3057 532 3096 ex
546 3034 656 3114 quibus,
667 3038 810 3113 proprium
822 3040 890 3114 quid
905 3040 955 3110 sit,
963 3044 1086 3099 eluceat.

226 3135 286 3190 Sed
311 3136 446 3208 quoniam
469 3139 506 3194 de
529 3139 650 3212 propriis
676 3138 766 3196 oritur
789 3139 955 3214 plenumque
981 3157 1087 3260 magua

253 3282 275 3316 Β
288 3284 353 3330 uuo
368 3287 461 3348 coctus]
491 3287 528 3335 stc
546 3290 582 3336 ed.
596 3285 655 3335 Van
700 3290 729 3336 od
744 3295 777 3339 est
793 3292 871 3340 metim
886 3306 953 3354 quom
970 3253 1086 3354 volgat-
1198 3259 1199 3300 ἶ

223 3341 308 3390 aaut.
339 3287 679 3406 Monaedemproponendoha
709 3352 720 3395 t
726 3351 876 3408 ponderando

252 3420 466 3483 venandum]
499 3423 535 3470 ud
553 3423 610 3470 Ven.
621 3425 720 3475 auito.

252 3503 273 3540 ⁸¹
287 3500 529 3566 οωιείίπσοᾶῠίὣ]
556 3502 876 3568 &ammonuimus
