2474 4188
221 305 263 368 no
591 301 727 352 cnuuus.

220 462 337 504 consum
360 447 448 518 credo
467 447 564 516 tuisse,
588 451 664 523 quod
689 447 822 508 Fannius
842 446 874 507 in
893 447 1087 508 mediocribus

220 546 380 604 oratoribus
391 547 504 604 habitus
514 551 606 604 esset:
620 547 713 604 oratio
725 552 823 604 sutem
833 548 882 604 vel
891 546 1000 619 optima
1010 553 1087 606 esset

220 646 272 702 iiio
280 645 395 720 quidem
410 651 535 718 tempore
546 645 706 702 orationum
720 645 857 702 omnium.
878 647 929 702 sed
943 663 998 702 nec
1013 647 1085 719 ejus-

222 744 301 802 modi
314 749 367 810 esi,
390 742 410 774 ⁵⁸
424 748 485 800 uta
506 742 633 815 pluribus
653 744 774 800 contusa
793 742 941 800 videatur:
967 741 989 776 ⁵⁰
1001 741 1088 820 (unus

212 841 301 898 enim
313 859 399 898 sonus
412 841 457 898 esi
471 841 557 902 totius
571 841 719 909 orationis,
733 847 763 898 et
776 841 854 898 idem
867 840 965 898 stilus:
980 859 1037 898 neo
1051 843 1088 898 de

223 939 323 996 Persio
346 939 508 998 reticuisset
522 939 681 1005 Gracchus,
695 956 761 996 cum
785 945 816 997 et
830 940 961 1004 Fannius
973 940 1010 996 de
1026 939 1090 996 Me·

222 1039 308 1098 seluo
318 1037 501 1105 Maratheno,
511 1043 541 1094 et
554 1039 591 1094 de
615 1038 721 1095 ceteris
738 1038 891 1110 objecisset
897 1034 919 1115 z)
930 1037 952 1080 Ψ
964 1055 1091 1112 praeser-

223 1135 276 1194 tim
289 1153 356 1194 cum
370 1136 501 1206 Fannius
512 1153 666 1211 numquam
679 1135 719 1194 sit
732 1136 846 1194 habitus
860 1136 994 1209 elinguis.
1021 1153 1091 1196 nem

223 1241 254 1292 et
266 1251 367 1292 cuuscs
380 1229 577 1301 defensitavit,
600 1239 630 1291 et
652 1236 812 1292 tribunatus
836 1234 906 1307 ejus,
928 1233 1048 1293 arbitrio
1062 1239 1093 1292 et

223 1331 393 1390 auctoritate
422 1333 455 1388 P.
480 1332 615 1390 Africani
645 1339 751 1408 gestus,
774 1352 834 1392 non
855 1335 992 1392 obscurus
1026 1334 1089 1394 fuit.

224 1432 310 1490 Alter
323 1434 420 1488 cutem
435 1431 470 1488 C.
493 1431 633 1500 Fannius,
658 1433 701 1490 M.
726 1432 810 1500 filius,
826 1433 860 1490 G.
883 1432 979 1492 Laelii
991 1451 1092 1508 gener,

223 1535 254 1590 et
267 1529 400 1596 moribus,
414 1535 445 1586 ct
456 1529 520 1602 ipso
532 1547 639 1604 genere
652 1531 770 1590 dicendi
782 1530 802 1564 ⁶¹
813 1531 918 1588 durior.
956 1531 986 1588 ls
996 1531 1094 1590 soceri

223 1631 364 1698 instituto,
377 1626 486 1707 (quem,
499 1628 566 1704 quie
578 1634 729 1704 cooptatus
743 1630 774 1687 in
785 1647 922 1704 augurum
935 1630 1093 1704 collegium

224 1749 283 1790 non
297 1737 367 1800 eret,
380 1750 439 1790 nou
454 1731 607 1789 admodum
619 1729 767 1803 diligebat,
786 1729 952 1802 praesertim
963 1745 1030 1786 cum
1039 1729 1092 1788 ille

225 1830 262 1902 Q.
273 1831 446 1889 Scaevolam
455 1830 511 1888 sibi
521 1829 660 1886 minorem
669 1833 737 1885 uotu
745 1845 882 1900 generum
894 1826 1092 1900 praetulissets

223 1929 273 1990 cui
296 1935 394 1988 temen
407 1929 525 1992 Laelius
549 1945 580 1988 se
604 1943 756 1994 excussus,
778 1942 836 1984 non
860 1943 968 2000 genero
986 1925 1094 1984 minori

223 2029 299 2088 dixit
319 2047 351 2087 se
377 2030 458 2098 iilud,
471 2030 524 2087 sed
536 2027 639 2100 maj0ri
652 2025 728 2084 filice
742 2025 878 2082 detulisse
890 2021 912 2102 z)
935 2024 961 2082 is
980 2028 1091 2094 tamen,

223 2127 356 2184 instituto
377 2127 482 2193 Laelii,
504 2125 675 2183 Panaetium
701 2123 861 2180 audiverat.
902 2123 974 2198 Ejus
994 2123 1094 2182 omnis

222 2223 389 2280 indicendo
403 2221 524 2275 saeuius
541 2239 580 2274 ex
593 2221 714 2276 hismrio
733 2221 822 2293 ipsius
837 2239 896 2280 non
910 2220 1094 2294 ineleganter

224 2317 331 2390 scripte
343 2315 468 2391 perspici
489 2320 598 2390 potest:
623 2333 695 2392 quae
710 2336 803 2394 neque
817 2319 903 2378 nimis
922 2323 967 2378 est
987 2319 1093 2399 inians,

239 2471 274 2544 ‘⁵⁸
281 2476 328 2543 uto
337 2471 443 2529 pluribus
452 2471 619 2576 immisi*
628 2475 683 2534 puto
689 2486 700 2517 s
707 2471 830 2528 plraeter.-
846 2487 875 2520 sc.
886 2472 1002 2533 generibus
1011 2474 1094 2524 oratic·

224 2545 264 2579 ns.
295 2533 333 2578 Src
342 2545 428 2592 semper
436 2531 512 2577 ducunt
521 2530 555 2577 ln
566 2545 603 2577 uu.

253 2609 275 2642 ⁵⁹
284 2623 345 2656 uersu
354 2609 420 2665 enim,
430 2609 485 2678 ete]
502 2609 564 2665 haec,
572 2607 673 2670 primum,
683 2623 753 2669 usque
761 2610 790 2655 ad
799 2609 914 2668 adjecisset,
924 2611 1007 2658 suntin
1013 2624 1092 2673 percu·

224 2669 281 2717 thesi
291 2668 426 2730 accipienda.
443 2668 524 2714 derude
532 2668 596 2714 stilus
611 2683 654 2714 non
671 2667 756 2728 placet:
773 2683 814 2716 nm
831 2669 890 2715 enim
905 2670 986 2716 Cicero
1001 2671 1094 2719 verbum

224 2729 267 2776 hoc
276 2728 307 2774 sic
319 2726 387 2774 dicite
403 2727 441 2774 sed
451 2731 536 2773 tantum
546 2727 575 2772 de
584 2725 742 2774 exercitatione
751 2727 868 2775 scribendi.
899 2728 1014 2776 mantuo
1028 2730 1094 2778 sidric

224 2789 292 2852 plane
304 2788 380 2850 inepte
393 2785 481 2834 dicitur.
512 2785 587 2832 Credo
603 2787 732 2833 Ciceronem
750 2786 860 2847 scripsisse
876 2787 936 2832 idern
943 2787 1033 2844 filum:
1048 2803 1093 2849 quo

224 2847 294 2894 verbo
304 2847 401 2894 libenter·
418 2846 490 2892 utitur
503 2843 583 2891 Cicero
602 2846 625 2891 in
644 2845 787 2915 exprimenda
805 2843 911 2891 orationis
927 2846 1006 2903 forma,
1032 2861 1093 2894 uae

224 2907 319 2958 materis
328 2912 369 2953 est.
400 2905 504 2966 Denique
518 2919 560 2964 pro
569 2909 589 2950 ct
597 2903 701 2953 Functus
710 2903 835 2952 Gronovius
844 2904 944 2952 malebat
953 2906 993 2973 ei:v
1008 2921 1023 2967 p
1084 2940 1090 2953 .

254 2985 414 3040 ⁶⁰praesertim
429 2997 480 3030 cum
497 2981 535 3043 m]
567 2981 618 3029 Hoc
636 2997 680 3030 nou
697 2982 753 3028 hene
772 2981 818 3028 coit
836 2997 886 3029 cum
903 2983 1090 3031 antecedentibus.

227 3041 401 3088 Debebotesse:
417 3057 456 3088 nec
465 3041 569 3089 monim
585 3055 684 3102 unquam
697 3041 786 3086 iobdur
802 3045 832 3087 est
849 3041 954 3097 edingro'c
992 3043 1037 3088 Sed
1047 3057 1094 3089 mu·

225 3100 284 3202 iffi
291 3099 373 3146 Cicero
381 3101 474 3147 turmam
491 3099 607 3157 orationis,
617 3106 669 3164 post
678 3099 829 3170 parenthesin,
849 3105 874 3147 ut
883 3106 907 3146 et
916 3099 971 3148 alibi
981 3099 1093 3148 interdum

255 3234 372 3280 creon.
403 3233 466 3295 Ire]
497 3235 1029 3296 Abruptiusvidetrrilludzditeru.1¹'.‚cte.
1048 3236 1095 3286 siue

226 3293 302 3339 verbo.
333 3292 413 3338 Putem
422 3293 552 3339 Ciceronem
561 3295 659 3340 dedisse:
675 3295 763 3352 durior,
778 3295 846 3342 soceri
854 3295 961 3351 instituio,
972 3301 1015 3341 etc.
1047 3296 1092 3343 Ed.

226 3352 292 3402 Med.
304 3351 402 3396 durioris
419 3352 525 3398 instituto.
557 3351 581 3397 1³
591 3351 679 3399 videtur
696 3354 738 3400 huc
751 3358 846 3403 tmctum
862 3353 1032 3414 esequentibue
1043 3359 1110 3416 postx

227 3408 380 3474 parenthesim
395 3411 506 3456 ietcmcn:
521 3425 572 3456 osnr
580 3410 623 3455 ista
631 3411 712 3466 omnia,
722 3427 786 3471 mum
795 3413 847 3471 quio
854 3437 864 3448 ·
872 3437 882 3446 ·
890 3411 1000 3466 dduliese.
1010 3411 1093 3458 suntin

242 3467 352 3518 arenthesi
363 3467 428 3521 dicta,
447 3482 511 3528 quarn
522 3468 638 3517 cinctavi.
669 3468 693 3517 Ic
712 3475 784 3520 tomen
795 3475 836 3530 cst,
855 3470 957 3536 inigitur,
973 3485 1039 3538 quem
1048 3466 1104 3523 uid·

227 3485 332 3592 iginius,
343 3530 368 3576 ut
377 3528 449 3576 Aead.
459 3527 501 3586 lv,
512 3531 532 3574 6.
