2444 4194
230 323 292 383 155
583 314 725 366 ORATOR.

226 464 278 524 sed
302 464 392 522 etiam
412 479 515 524 causas
534 467 617 534 totas,
630 461 702 522 alias
716 462 775 520 alia
797 460 888 520 lomna
900 457 1023 520 dicendi
1034 476 1097 519 esse

228 567 403 624 traotmdas.

175 653 219 714 23
271 664 414 738 Sequitur,
424 669 456 721 ut
469 663 605 738 cujusque
615 657 731 737 generis
745 666 814 720 uota
827 665 989 735 quaeratur,
1003 665 1034 718 et
1047 661 1098 718 lor

229 765 316 822 mula.
337 780 472 836 magnum
485 779 566 836 opus,
587 765 619 818 et
638 762 766 828 arduum,
787 765 820 816 ut
840 777 928 832 saepe
946 759 1013 832 jam
1027 759 1098 816 dixi·

230 879 308 920 mus:
342 863 394 918 sed
417 859 646 936 ingredientibus
673 859 914 917 considerandum
939 857 1005 927 tuit,
1033 859 1098 934 quid

230 975 400 1036 ageremus:
429 977 507 1017 nunc
530 959 647 1034 quidem
664 960 737 1032 jam,
762 975 940 1032 quocumque
966 957 1098 1034 feremur,

230 1059 326 1118 danda
340 1058 475 1116 nimimm
495 1061 563 1116 vela
577 1063 652 1116 sunt.
695 1058 742 1115 Ac
757 1055 879 1130 pdmum
901 1056 1098 1116 informandus

230 1163 276 1216 est
297 1159 347 1216 ille
365 1157 458 1225 nobis,
481 1175 567 1232 quem
588 1160 681 1214 solum
703 1155 818 1230 quidam
832 1161 940 1213 vocant
957 1156 1097 1214 Atticum.

232 1257 407 1314 Summissus
421 1261 474 1324 est,
485 1261 516 1313 et
527 1255 654 1323 humilis,
668 1254 906 1312 consuetudinem
919 1253 1051 1323 imitans,
1064 1257 1099 1312 ab

229 1353 376 1410 indisertis
398 1373 428 1410 re
448 1357 520 1426 plus,
543 1371 630 1430 quam
641 1353 796 1426 opinione,
810 1353 956 1410 differens.
999 1354 1100 1428 ltaque

230 1468 297 1510 eum
318 1452 367 1525 qui
390 1451 519 1518 audiunt,
544 1452 677 1526 quamvis
700 1451 756 1526 ipsi
769 1451 894 1510 intentes
909 1452 978 1520 sint,
1004 1458 1100 1530 tamen

162 1626 163 1629 Ἴ
230 1550 283 1608 ίΙΙο
304 1551 389 1608 ιιιοιΙο
412 1550 561 1609 confidunt
581 1569 613 1608 se
632 1568 717 1624 posse
740 1551 847 1608 dicere.
868 1569 935 1608 nam
959 1552 1099 1609 orationis

231 1650 383 1718 subtilitas,
407 1648 554 1706 imitabilis
573 1649 624 1707 illa
643 1649 760 1725 quidem
783 1650 978 1707 videturesse
1003 1649 1101 1707 existi·

232 1749 333 1817 manti,
343 1751 395 1806 sed
408 1747 482 1806 nihil
491 1753 536 1806 est
549 1748 713 1822 experienti
724 1748 826 1806 minus.
868 1749 933 1806 Etsi
946 1748 1028 1806 enim
1042 1767 1100 1807 non

232 1847 347 1922 plurimi
360 1846 509 1921 sanguinis
523 1851 576 1915 est,
600 1848 705 1904 habeat
729 1852 827 1904 tamen
841 1864 960 1904 succum
974 1847 1100 1922 aliquem

232 1951 354 2022 oportet,
373 1950 414 2014 ut,
427 1945 542 2004 etiarnsi
562 1946 621 2003 illis
645 1944 778 2004 maximis
800 1945 908 2003 viribus
929 1951 1039 2014 careat,
1064 1948 1100 2006 sit
1205 1949 1206 1954 ’

231 2043 277 2124 (ut
290 2046 332 2104 ita
344 2042 453 2123 dicam)
466 2046 579 2120 integra
593 2044 763 2104 valitudine.
794 2044 921 2101 Primum
935 2044 1025 2118 igitur
1035 2063 1099 2104 eun

231 2147 377 2217 tamquam
397 2162 415 2200 e
436 2145 561 2201 vinculis
590 2161 770 2200 numerorum
797 2143 967 2200 eximamus.
1026 2145 1100 2202 Sunt

232 2241 310 2295 euim
332 2241 447 2312 quidam
461 2237 507 2314 (ut
519 2237 591 2314 scis)
610 2240 716 2295 oratori
731 2241 841 2298 numeri
855 2237 1019 2317 (dequibus
1033 2261 1100 2300 mox

232 2331 363 2411 agemus)
386 2335 569 2402 observandi,
591 2335 703 2393 ratione
718 2341 850 2412 quadam,
869 2341 920 2396 sed
934 2331 995 2397 alio
1008 2340 1041 2398 in
1054 2359 1101 2416 ge·

232 2451 301 2492 nere
315 2431 462 2500 orationis,
483 2432 515 2490 in
539 2434 595 2491 hoc
619 2434 739 2493 omnino
762 2437 952 2512 relinquendi.
974 2441 1100 2497 solutum
1204 2489 1205 2512 ,

119 2561 121 2566 v
232 2533 368 2608 quiddam
382 2532 429 2600 sit,
440 2550 495 2590 nec
510 2550 616 2607 vagum
631 2538 739 2603 tumen,
753 2541 785 2593 ut
798 2535 911 2610 ingredi
925 2535 1028 2606 libere,
1043 2557 1100 2598 nou

231 2635 264 2688 ut
276 2630 400 2688 licenter
414 2631 546 2689 videatur
559 2651 662 2690 errare.
703 2633 802 2692 Verba
811 2635 900 2694 etiam
911 2637 1009 2693 verbis
1020 2637 1100 2713 quasi

118 2741 126 2757 ·
232 2735 435 2804 coagmentare
457 2731 595 2806 negligat
650 2733 748 2790 Habet
771 2732 850 2790 enim
876 2734 927 2792 ille
954 2741 1100 2812 umquam

232 2829 327 2888 hiatus
338 2845 479 2887 concursu
490 2830 636 2888 vocalium
650 2833 736 2888 molle
750 2831 895 2905 quiddam,
919 2840 950 2892 et
968 2839 1046 2910 quod
1059 2838 1100 2896 in·

232 2927 312 2984 dicet
326 2945 384 2984 uon
398 2927 539 3002 ingratum
550 2929 767 3003 negligentiam,
781 2931 817 2987 de
831 2950 871 3000 re,
885 2933 1021 3003 hominis,
1043 2953 1099 2993 ma·

160 3061 162 3066 -
232 3024 277 3097 gis
291 3041 376 3098 quam
389 3027 426 3082 de
436 3027 540 3094 verbis,
548 3027 714 3086 laborantis.
758 3028 816 3086 Sed
827 3031 882 3088 erit
893 3031 1054 3092 videndum
1064 3037 1099 3094 de

231 3121 358 3193 reliquis,
379 3141 446 3179 oum
470 3125 542 3180 haec
556 3126 613 3181 duo
627 3126 655 3181 ei
668 3127 802 3184 liberiora
815 3128 929 3198 luerint,
951 3131 1101 3202 circuitus,
1202 3187 1203 3212 ,

232 3219 498 3294 conglutinatioque
522 3225 681 3280 verborum.
730 3227 786 3284 llla
813 3229 894 3286 enim
916 3228 979 3302 ipsa
1002 3231 1098 3290 ”oon
1202 3221 1203 3238 ³

232 3317 325 3370 tracta
339 3319 369 3371 et
383 3318 494 3376 minuta
507 3336 565 3376 non
584 3321 769 3400 negligenter·
779 3328 931 3384 tractanda
944 3335 1029 3401 sunt;
1050 3332 1099 3389 aad

262 3467 284 3502 ⁶²
299 3471 407 3515 connato
417 3473 437 3515 et
446 3471 551 3534 minuto]
582 3461 699 3521 Contmctn
709 3491 736 3524 ex
746 3477 808 3526 hiatu
818 3500 823 3524 ι
838 3480 934 3538 adnata
944 3495 990 3529 uon

230 3528 424 3636 &mambra
433 3534 457 3577 et
473 3529 552 3580 incisa:
568 3547 620 3580 nam
629 3541 769 3595 opponuntur
778 3539 886 3587 caraman
901 3546 926 3588 et
940 3484 1099 3601 ωπςὶΡιιῗῶ
