<?xml version="1.0" encoding="UTF-8"?>
<!DOCTYPE html PUBLIC "-//W3C//DTD XHTML 1.0 Transitional//EN"
    "http://www.w3.org/TR/xhtml1/DTD/xhtml1-transitional.dtd">
<html xmlns="http://www.w3.org/1999/xhtml" xml:lang="en" lang="en">
 <head>
  <title>
</title>
<meta http-equiv="Content-Type" content="text/html;charset=utf-8" />
  <meta name='ocr-system' content='tesseract 3.04.00' />
  <meta name='ocr-capabilities' content='ocr_page ocr_carea ocr_par ocr_line ocrx_word'/>
</head>
<body>
  <div class='ocr_page' id='page_1' title='image "./mtvlliiciceroni09cicegoog/mtvlliiciceroni09cicegoog_0101.png"; bbox 0 0 2460 4184; ppageno 0'>
   <div class='ocr_carea' id='block_1_1' title="bbox 211 280 710 352">
    <p class='ocr_par' dir='ltr' id='par_1_1' title="bbox 211 280 710 352">
     <span class='ocr_line' id='line_1_1' title="bbox 211 280 710 352; baseline -0.008 -18"><span class='ocrx_word' id='word_1_1' title='bbox 211 291 254 352; x_wconf 79' lang='lat'><strong>9⁰</strong></span> <span class='ocrx_word' id='word_1_2' title='bbox 574 280 710 334; x_wconf 68' lang='lat' dir='ltr'><strong>Bnu&#39;rb&#39;s.</strong></span> 
     </span>
    </p>
   </div>
   <div class='ocr_carea' id='block_1_2' title="bbox 96 425 1101 2464">
    <p class='ocr_par' dir='ltr' id='par_1_2' title="bbox 96 425 1101 2464">
     <span class='ocr_line' id='line_1_2' title="bbox 210 425 1083 506; baseline 0.002 -16"><span class='ocrx_word' id='word_1_3' title='bbox 210 433 247 490; x_wconf 83' lang='lat' dir='ltr'><strong>ad</strong></span> <span class='ocrx_word' id='word_1_4' title='bbox 266 431 399 498; x_wconf 82' lang='lat' dir='ltr'><strong>bonores,</strong></span> <span class='ocrx_word' id='word_1_5' title='bbox 414 425 474 490; x_wconf 80' lang='lat' dir='ltr'><strong>nisi</strong></span> <span class='ocrx_word' id='word_1_6' title='bbox 492 430 526 490; x_wconf 85' lang='lat' dir='ltr'><strong>in</strong></span> <span class='ocrx_word' id='word_1_7' title='bbox 544 429 673 491; x_wconf 76' lang='lat' dir='ltr'><strong>facinore</strong></span> <span class='ocrx_word' id='word_1_8' title='bbox 696 429 850 491; x_wconf 81' lang='lat' dir='ltr'><strong>manifesto</strong></span> <span class='ocrx_word' id='word_1_9' title='bbox 870 429 1083 506; x_wconf 82' lang='lat' dir='ltr'><strong>deprehensus,</strong></span> 
     </span>
     <span class='ocr_line' id='line_1_3' title="bbox 96 517 1083 604; baseline 0 -15"><span class='ocrx_word' id='word_1_10' title='bbox 96 592 98 596; x_wconf 74' lang='grc'>,</span> <span class='ocrx_word' id='word_1_11' title='bbox 137 538 318 604; x_wconf 78' lang='lat' dir='ltr'><strong>&#39;69pocnas</strong></span> <span class='ocrx_word' id='word_1_12' title='bbox 332 530 444 603; x_wconf 75' lang='lat' dir='ltr'><strong>regibus</strong></span> <span class='ocrx_word' id='word_1_13' title='bbox 457 534 488 586; x_wconf 88' lang='lat' dir='ltr'><strong>et</strong></span> <span class='ocrx_word' id='word_1_14' title='bbox 502 527 616 602; x_wconf 85' lang='lat' dir='ltr'><strong>judicio</strong></span> <span class='ocrx_word' id='word_1_15' title='bbox 636 517 774 586; x_wconf 78' lang='lat' dir='ltr'><strong>desiisset.</strong></span> <span class='ocrx_word' id='word_1_16' title='bbox 815 528 928 588; x_wconf 83' lang='lat' dir='ltr'><strong>Eodem</strong></span> <span class='ocrx_word' id='word_1_17' title='bbox 949 535 1083 604; x_wconf 81' lang='lat' dir='ltr'><strong>ternpore</strong></span> 
     </span>
     <span class='ocr_line' id='line_1_4' title="bbox 209 625 1083 704; baseline -0.001 -16"><span class='ocrx_word' id='word_1_18' title='bbox 209 629 245 688; x_wconf 82' lang='lat' dir='ltr'><strong>C.</strong></span> <span class='ocrx_word' id='word_1_19' title='bbox 262 633 293 688; x_wconf 90' lang='lat' dir='ltr'><strong>et</strong></span> <span class='ocrx_word' id='word_1_20' title='bbox 313 629 348 688; x_wconf 84' lang='lat' dir='ltr'><strong>L.</strong></span> <span class='ocrx_word' id='word_1_21' title='bbox 371 625 508 700; x_wconf 73' lang='lat' dir='ltr'><strong>Caepasii</strong></span> <span class='ocrx_word' id='word_1_22' title='bbox 530 625 632 685; x_wconf 82' lang='lat' dir='ltr'><strong>tratres</strong></span> <span class='ocrx_word' id='word_1_23' title='bbox 653 625 776 694; x_wconf 83' lang='lat' dir='ltr'><strong>suerunt,</strong></span> <span class='ocrx_word' id='word_1_24' title='bbox 797 626 846 704; x_wconf 82' lang='lat' dir='ltr'><strong>qui</strong></span> <span class='ocrx_word' id='word_1_25' title='bbox 868 629 959 687; x_wconf 81' lang='lat' dir='ltr'><strong>multa</strong></span> <span class='ocrx_word' id='word_1_26' title='bbox 982 645 1083 702; x_wconf 78' lang='lat' dir='ltr'><strong>opera,</strong></span> 
     </span>
     <span class='ocr_line' id='line_1_5' title="bbox 206 723 1081 802; baseline 0 -18"><span class='ocrx_word' id='word_1_27' title='bbox 206 726 302 802; x_wconf 79' lang='lat' dir='ltr'><strong>ignoti</strong></span> <span class='ocrx_word' id='word_1_28' title='bbox 314 723 447 790; x_wconf 79' lang='lat' dir='ltr'><strong>homines</strong></span> <span class='ocrx_word' id='word_1_29' title='bbox 461 728 491 782; x_wconf 87' lang='lat' dir='ltr'><strong>et</strong></span> <span class='ocrx_word' id='word_1_30' title='bbox 504 723 660 800; x_wconf 77' lang='lat' dir='ltr'><strong>reppntini,</strong></span> <span class='ocrx_word' id='word_1_31' title='bbox 674 727 839 798; x_wconf 76' lang='lat' dir='ltr'><strong>quaestores</strong></span> <span class='ocrx_word' id='word_1_32' title='bbox 853 725 988 790; x_wconf 77' lang='lat' dir='ltr'>celeriter</span> <span class='ocrx_word' id='word_1_33' title='bbox 1008 727 1081 786; x_wconf 75' lang='lat' dir='ltr'><strong>tacti</strong></span> 
     </span>
     <span class='ocr_line' id='line_1_6' title="bbox 208 821 1076 897; baseline -0.005 -13"><span class='ocrx_word' id='word_1_34' title='bbox 208 832 275 884; x_wconf 83' lang='lat' dir='ltr'><strong>sunt</strong></span> <span class='ocrx_word' id='word_1_35' title='bbox 287 823 433 897; x_wconf 74' lang='lat' dir='ltr'><strong>oppidano</strong></span> <span class='ocrx_word' id='word_1_36' title='bbox 447 823 576 896; x_wconf 80' lang='lat' dir='ltr'><strong>¹quodam</strong></span> <span class='ocrx_word' id='word_1_37' title='bbox 595 827 626 878; x_wconf 87' lang='lat' dir='ltr'><strong>et</strong></span> <span class='ocrx_word' id='word_1_38' title='bbox 645 821 796 888; x_wconf 82' lang='lat' dir='ltr'><strong>incondito</strong></span> <span class='ocrx_word' id='word_1_39' title='bbox 816 840 923 896; x_wconf 80' lang='lat' dir='ltr'><strong>genere</strong></span> <span class='ocrx_word' id='word_1_40' title='bbox 945 822 1076 885; x_wconf 86' lang='lat' dir='ltr'><strong>dicendi.</strong></span> 
     </span>
     <span class='ocr_line' id='line_1_7' title="bbox 210 919 1078 1001; baseline -0.002 -19"><span class='ocrx_word' id='word_1_41' title='bbox 210 923 360 983; x_wconf 79' lang='lat' dir='ltr'>Addamus</span> <span class='ocrx_word' id='word_1_42' title='bbox 380 923 437 980; x_wconf 88' lang='lat' dir='ltr'><strong>huc</strong></span> <span class='ocrx_word' id='word_1_43' title='bbox 457 919 556 990; x_wconf 84' lang='lat' dir='ltr'><strong>etiarn,</strong></span> <span class='ocrx_word' id='word_1_44' title='bbox 573 938 614 982; x_wconf 81' lang='lat' dir='ltr'><strong>no</strong></span> <span class='ocrx_word' id='word_1_45' title='bbox 634 937 720 1001; x_wconf 71' lang='lat' dir='ltr'><strong>quem</strong></span> <span class='ocrx_word' id='word_1_46' title='bbox 739 922 873 978; x_wconf 81' lang='lat' dir='ltr'>vocalem</span> <span class='ocrx_word' id='word_1_47' title='bbox 893 921 1078 994; x_wconf 78' lang='lat' dir='ltr'><strong>praeteriisse</strong></span> 
     </span>
     <span class='ocr_line' id='line_1_8' title="bbox 208 1017 1080 1094; baseline 0 -18"><span class='ocrx_word' id='word_1_48' title='bbox 208 1022 368 1090; x_wconf 75' lang='lat' dir='ltr'><strong>uideamur,</strong></span> <span class='ocrx_word' id='word_1_49' title='bbox 380 1019 416 1080; x_wconf 80' lang='lat' dir='ltr'><strong>C.</strong></span> <span class='ocrx_word' id='word_1_50' title='bbox 429 1018 606 1085; x_wconf 72' lang='lat' dir='ltr'><strong>Cosconium</strong></span> <span class='ocrx_word' id='word_1_51' title='bbox 620 1018 815 1088; x_wconf 79' lang='lat' dir='ltr'><strong>Calidianum,</strong></span> <span class='ocrx_word' id='word_1_52' title='bbox 828 1017 905 1094; x_wconf 73' lang='lat' dir='ltr'><strong>⁵⁶qui</strong></span> <span class='ocrx_word' id='word_1_53' title='bbox 919 1021 1001 1082; x_wconf 86' lang='lat' dir='ltr'><strong>nullo</strong></span> <span class='ocrx_word' id='word_1_54' title='bbox 1012 1037 1080 1086; x_wconf 82' lang='lat' dir='ltr'><strong>acu·</strong></span> 
     </span>
     <span class='ocr_line' id='line_1_9' title="bbox 206 1115 1101 1190; baseline -0.001 -14"><span class='ocrx_word' id='word_1_55' title='bbox 206 1119 297 1187; x_wconf 71' lang='lat' dir='ltr'><strong>mine,</strong></span> <span class='ocrx_word' id='word_1_56' title='bbox 311 1135 376 1188; x_wconf 79' lang='lat' dir='ltr'><strong>capr</strong></span> <span class='ocrx_word' id='word_1_57' title='bbox 391 1123 488 1182; x_wconf 75' lang='lat' dir='ltr'><strong>tannen</strong></span> <span class='ocrx_word' id='word_1_58' title='bbox 502 1119 655 1174; x_wconf 86' lang='lat' dir='ltr'><strong>verborum</strong></span> <span class='ocrx_word' id='word_1_59' title='bbox 664 1116 788 1190; x_wconf 76' lang='lat' dir='ltr'><strong>copiam,</strong></span> <span class='ocrx_word' id='word_1_60' title='bbox 802 1115 827 1172; x_wconf 88' lang='lat' dir='ltr'><strong>si</strong></span> <span class='ocrx_word' id='word_1_61' title='bbox 841 1133 929 1190; x_wconf 80' lang='lat' dir='ltr'><strong>quaro</strong></span> <span class='ocrx_word' id='word_1_62' title='bbox 941 1117 1079 1188; x_wconf 77' lang='lat' dir='ltr'><strong>habebat,</strong></span> <span class='ocrx_word' id='word_1_63' title='bbox 1099 1143 1101 1150; x_wconf 95' lang='lat'>·</span> 
     </span>
     <span class='ocr_line' id='line_1_10' title="bbox 205 1213 1078 1292; baseline -0.009 -15"><span class='ocrx_word' id='word_1_64' title='bbox 205 1217 364 1292; x_wconf 77' lang='lat' dir='ltr'><strong>praebebat</strong></span> <span class='ocrx_word' id='word_1_65' title='bbox 376 1217 483 1290; x_wconf 82' lang='lat' dir='ltr'><strong>populo</strong></span> <span class='ocrx_word' id='word_1_66' title='bbox 495 1231 562 1272; x_wconf 89' lang='lat' dir='ltr'><strong>cum</strong></span> <span class='ocrx_word' id='word_1_67' title='bbox 575 1215 665 1275; x_wconf 87' lang='lat' dir='ltr'><strong>multa</strong></span> <span class='ocrx_word' id='word_1_68' title='bbox 678 1213 898 1277; x_wconf 71' lang='lat' dir='ltr'><strong>concursatione</strong></span> <span class='ocrx_word' id='word_1_69' title='bbox 912 1231 1078 1289; x_wconf 79' lang='lat' dir='ltr'><strong>magnoque</strong></span> 
     </span>
     <span class='ocr_line' id='line_1_11' title="bbox 206 1311 1080 1386; baseline -0.002 -14"><span class='ocrx_word' id='word_1_70' title='bbox 206 1316 342 1378; x_wconf 80' lang='lat' dir='ltr'><strong>clamore.</strong></span> <span class='ocrx_word' id='word_1_71' title='bbox 398 1312 483 1384; x_wconf 76' lang='lat' dir='ltr'><strong>Quod</strong></span> <span class='ocrx_word' id='word_1_72' title='bbox 503 1311 583 1371; x_wconf 82' lang='lat' dir='ltr'><strong>idem</strong></span> <span class='ocrx_word' id='word_1_73' title='bbox 606 1311 733 1368; x_wconf 75' lang='lat' dir='ltr'><strong>faciebat</strong></span> <span class='ocrx_word' id='word_1_74' title='bbox 757 1311 794 1382; x_wconf 76' lang='lat' dir='ltr'><strong>Q.</strong></span> <span class='ocrx_word' id='word_1_75' title='bbox 819 1311 930 1380; x_wconf 81' lang='lat' dir='ltr'><strong>Arrius,</strong></span> <span class='ocrx_word' id='word_1_76' title='bbox 951 1311 1001 1386; x_wconf 84' lang='lat' dir='ltr'><strong>qui</strong></span> <span class='ocrx_word' id='word_1_77' title='bbox 1025 1312 1080 1371; x_wconf 80' lang='lat' dir='ltr'><strong>ruit</strong></span> 
     </span>
     <span class='ocr_line' id='line_1_12' title="bbox 205 1407 1077 1484; baseline 0 -16"><span class='ocrx_word' id='word_1_78' title='bbox 205 1409 279 1476; x_wconf 68' lang='lat' dir='ltr'><strong>“M-</strong></span> <span class='ocrx_word' id='word_1_79' title='bbox 295 1408 393 1470; x_wconf 78' lang='lat' dir='ltr'><strong>crassi</strong></span> <span class='ocrx_word' id='word_1_80' title='bbox 407 1407 488 1484; x_wconf 80' lang='lat' dir='ltr'><strong>quasi</strong></span> <span class='ocrx_word' id='word_1_81' title='bbox 500 1408 707 1474; x_wconf 66' lang='lat' dir='ltr'><strong>secundarum.</strong></span> <span class='ocrx_word' id='word_1_82' title='bbox 735 1409 779 1480; x_wconf 53' lang='lat' dir='ltr'><strong>,Is</strong></span> <span class='ocrx_word' id='word_1_83' title='bbox 792 1408 924 1470; x_wconf 85' lang='lat' dir='ltr'><strong>omnibus</strong></span> <span class='ocrx_word' id='word_1_84' title='bbox 938 1412 1077 1484; x_wconf 57' lang='lat' dir='ltr'><strong>exemplo</strong></span> 
     </span>
     <span class='ocr_line' id='line_1_13' title="bbox 206 1505 1078 1587; baseline 0 -21"><span class='ocrx_word' id='word_1_85' title='bbox 206 1509 295 1576; x_wconf 70' lang='lat' dir='ltr'><strong>debet</strong></span> <span class='ocrx_word' id='word_1_86' title='bbox 317 1524 391 1574; x_wconf 81' lang='lat' dir='ltr'><strong>essa,</strong></span> <span class='ocrx_word' id='word_1_87' title='bbox 409 1509 546 1580; x_wconf 79' lang='lat' dir='ltr'><strong>quantum</strong></span> <span class='ocrx_word' id='word_1_88' title='bbox 567 1505 599 1562; x_wconf 91' lang='lat' dir='ltr'><strong>in</strong></span> <span class='ocrx_word' id='word_1_89' title='bbox 621 1505 679 1563; x_wconf 86' lang='lat' dir='ltr'><strong>bac</strong></span> <span class='ocrx_word' id='word_1_90' title='bbox 696 1507 770 1570; x_wconf 78' lang='lat' dir='ltr'><strong>urbe</strong></span> <span class='ocrx_word' id='word_1_91' title='bbox 786 1509 901 1587; x_wconf 83' lang='lat' dir='ltr'><strong>polleat</strong></span> <span class='ocrx_word' id='word_1_92' title='bbox 921 1509 1078 1574; x_wconf 75' lang='lat' dir='ltr'><strong>multorum</strong></span> 
     </span>
     <span class='ocr_line' id='line_1_14' title="bbox 206 1603 1080 1678; baseline -0.002 -15"><span class='ocrx_word' id='word_1_93' title='bbox 206 1605 325 1674; x_wconf 64' lang='lat' dir='ltr'><strong>‚obedire</strong></span> <span class='ocrx_word' id='word_1_94' title='bbox 339 1603 470 1678; x_wconf 84' lang='lat' dir='ltr'><strong>tempori,</strong></span> <span class='ocrx_word' id='word_1_95' title='bbox 480 1605 689 1678; x_wconf 76' lang='lat' dir='ltr'><strong>multorumque</strong></span> <span class='ocrx_word' id='word_1_96' title='bbox 701 1604 751 1659; x_wconf 87' lang='lat' dir='ltr'><strong>vel</strong></span> <span class='ocrx_word' id='word_1_97' title='bbox 761 1603 873 1674; x_wconf 73' lang='lat' dir='ltr'><strong>honori,</strong></span> <span class='ocrx_word' id='word_1_98' title='bbox 885 1606 934 1663; x_wconf 86' lang='lat' dir='ltr'><strong>vel</strong></span> <span class='ocrx_word' id='word_1_99' title='bbox 948 1605 1080 1678; x_wconf 83' lang='lat' dir='ltr'><strong>periculo</strong></span> 
     </span>
     <span class='ocr_line' id='line_1_15' title="bbox 207 1700 1076 1772; baseline -0.002 -10"><span class='ocrx_word' id='word_1_100' title='bbox 207 1704 327 1772; x_wconf 68' lang='lat' dir='ltr'><strong>conire.</strong></span> <span class='ocrx_word' id='word_1_101' title='bbox 368 1703 424 1763; x_wconf 87' lang='lat' dir='ltr'><strong>His</strong></span> <span class='ocrx_word' id='word_1_102' title='bbox 438 1701 518 1760; x_wconf 89' lang='lat' dir='ltr'><strong>enim</strong></span> <span class='ocrx_word' id='word_1_103' title='bbox 530 1703 624 1768; x_wconf 86' lang='lat' dir='ltr'><strong>rebus,</strong></span> <span class='ocrx_word' id='word_1_104' title='bbox 636 1700 737 1758; x_wconf 83' lang='lat' dir='ltr'><strong>infimo</strong></span> <span class='ocrx_word' id='word_1_105' title='bbox 755 1703 821 1764; x_wconf 87' lang='lat' dir='ltr'><strong>loco</strong></span> <span class='ocrx_word' id='word_1_106' title='bbox 834 1703 1076 1770; x_wconf 64' lang='lat' dir='ltr'><strong>antecessione</strong></span> 
     </span>
     <span class='ocr_line' id='line_1_16' title="bbox 206 1799 1080 1876; baseline -0.002 -16"><span class='ocrx_word' id='word_1_107' title='bbox 206 1821 263 1873; x_wconf 68' lang='lat' dir='ltr'><strong>pes,</strong></span> <span class='ocrx_word' id='word_1_108' title='bbox 288 1805 320 1876; x_wconf 79' lang='lat' dir='ltr'><strong>et</strong></span> <span class='ocrx_word' id='word_1_109' title='bbox 340 1800 505 1874; x_wconf 78' lang='lat' dir='ltr'><strong>pecuniam,</strong></span> <span class='ocrx_word' id='word_1_110' title='bbox 527 1803 558 1862; x_wconf 80' lang='lat' dir='ltr'><strong>et</strong></span> <span class='ocrx_word' id='word_1_111' title='bbox 579 1799 702 1876; x_wconf 79' lang='lat' dir='ltr'><strong>gratiam</strong></span> <span class='ocrx_word' id='word_1_112' title='bbox 722 1804 906 1868; x_wconf 74' lang='lat' dir='ltr'><strong>consecutus,</strong></span> <span class='ocrx_word' id='word_1_113' title='bbox 931 1799 1021 1858; x_wconf 86' lang='lat' dir='ltr'><strong>etiam</strong></span> <span class='ocrx_word' id='word_1_114' title='bbox 1045 1799 1080 1858; x_wconf 87' lang='lat' dir='ltr'><strong>in</strong></span> 
     </span>
     <span class='ocr_line' id='line_1_17' title="bbox 206 1895 1077 1978; baseline -0.007 -16"><span class='ocrx_word' id='word_1_115' title='bbox 206 1908 401 1978; x_wconf 79' lang='lat' dir='ltr'><strong>patronorum,</strong></span> <span class='ocrx_word' id='word_1_116' title='bbox 414 1899 479 1972; x_wconf 81' lang='lat' dir='ltr'><strong>sine</strong></span> <span class='ocrx_word' id='word_1_117' title='bbox 496 1896 637 1965; x_wconf 81' lang='lat' dir='ltr'><strong>doctrina,</strong></span> <span class='ocrx_word' id='word_1_118' title='bbox 650 1897 715 1956; x_wconf 85' lang='lat' dir='ltr'><strong>sine</strong></span> <span class='ocrx_word' id='word_1_119' title='bbox 736 1895 865 1972; x_wconf 80' lang='lat' dir='ltr'><strong>ingenio,</strong></span> <span class='ocrx_word' id='word_1_120' title='bbox 875 1897 1005 1975; x_wconf 82' lang='lat' dir='ltr'><strong>aliquem</strong></span> <span class='ocrx_word' id='word_1_121' title='bbox 1024 1917 1077 1956; x_wconf 87' lang='lat' dir='ltr'><strong>nn·</strong></span> 
     </span>
     <span class='ocr_line' id='line_1_18' title="bbox 204 1993 1080 2074; baseline -0.01 -14"><span class='ocrx_word' id='word_1_122' title='bbox 204 2018 318 2070; x_wconf 62' lang='lat' dir='ltr'><strong>ubuum</strong></span> <span class='ocrx_word' id='word_1_123' title='bbox 326 2000 509 2074; x_wconf 85' lang='lat' dir='ltr'><strong>pervenerat.</strong></span> <span class='ocrx_word' id='word_1_124' title='bbox 528 1997 579 2055; x_wconf 85' lang='lat' dir='ltr'><strong>sed</strong></span> <span class='ocrx_word' id='word_1_125' title='bbox 591 2000 622 2052; x_wconf 90' lang='lat' dir='ltr'><strong>ut</strong></span> <span class='ocrx_word' id='word_1_126' title='bbox 632 1993 744 2070; x_wconf 82' lang='lat' dir='ltr'><strong>pugiles</strong></span> <span class='ocrx_word' id='word_1_127' title='bbox 755 1995 951 2066; x_wconf 83' lang='lat' dir='ltr'><strong>inexercitati,</strong></span> <span class='ocrx_word' id='word_1_128' title='bbox 962 1995 1080 2057; x_wconf 83' lang='lat' dir='ltr'><strong>etiamsi</strong></span> 
     </span>
     <span class='ocr_line' id='line_1_19' title="bbox 206 2093 1078 2174; baseline -0.007 -18"><span class='ocrx_word' id='word_1_129' title='bbox 206 2117 327 2174; x_wconf 78' lang='lat' dir='ltr'><strong>pugnos,</strong></span> <span class='ocrx_word' id='word_1_130' title='bbox 346 2103 376 2154; x_wconf 89' lang='lat' dir='ltr'><strong>et</strong></span> <span class='ocrx_word' id='word_1_131' title='bbox 389 2099 497 2168; x_wconf 78' lang='lat' dir='ltr'><strong>plagas,</strong></span> <span class='ocrx_word' id='word_1_132' title='bbox 513 2094 713 2174; x_wconf 82' lang='lat' dir='ltr'><strong>Olympiorum</strong></span> <span class='ocrx_word' id='word_1_133' title='bbox 736 2093 844 2166; x_wconf 85' lang='lat' dir='ltr'><strong>cupidi,</strong></span> <span class='ocrx_word' id='word_1_134' title='bbox 857 2093 930 2153; x_wconf 83' lang='lat' dir='ltr'><strong>ferre</strong></span> <span class='ocrx_word' id='word_1_135' title='bbox 944 2099 1078 2166; x_wconf 86' lang='lat' dir='ltr'><strong>possunt,</strong></span> 
     </span>
     <span class='ocr_line' id='line_1_20' title="bbox 206 2190 1078 2272; baseline 0 -22"><span class='ocrx_word' id='word_1_136' title='bbox 206 2197 299 2260; x_wconf 84' lang='lat' dir='ltr'><strong>solem</strong></span> <span class='ocrx_word' id='word_1_137' title='bbox 318 2198 416 2258; x_wconf 69' lang='lat' dir='ltr'><strong>tanmn</strong></span> <span class='ocrx_word' id='word_1_138' title='bbox 436 2207 523 2270; x_wconf 86' lang='lat' dir='ltr'><strong>saepe</strong></span> <span class='ocrx_word' id='word_1_139' title='bbox 540 2191 693 2268; x_wconf 32' lang='lat' dir='ltr'><strong>terre-„non</strong></span> <span class='ocrx_word' id='word_1_140' title='bbox 713 2195 847 2272; x_wconf 86' lang='lat' dir='ltr'><strong>possunt:</strong></span> <span class='ocrx_word' id='word_1_141' title='bbox 868 2190 911 2248; x_wconf 88' lang='lat' dir='ltr'><strong>sic</strong></span> <span class='ocrx_word' id='word_1_142' title='bbox 931 2190 994 2260; x_wconf 86' lang='lat' dir='ltr'><strong>ille,</strong></span> <span class='ocrx_word' id='word_1_143' title='bbox 1008 2207 1078 2250; x_wconf 87' lang='lat' dir='ltr'><strong>cum</strong></span> 
     </span>
     <span class='ocr_line' id='line_1_21' title="bbox 206 2287 1077 2374; baseline 0.003 -27"><span class='ocrx_word' id='word_1_144' title='bbox 206 2289 287 2356; x_wconf 75' lang='lat' dir='ltr'><strong>omni</strong></span> <span class='ocrx_word' id='word_1_145' title='bbox 307 2287 372 2360; x_wconf 89' lang='lat' dir='ltr'><strong>jam</strong></span> <span class='ocrx_word' id='word_1_146' title='bbox 399 2287 513 2352; x_wconf 81' lang='lat' dir='ltr'><strong>sorrpua</strong></span> <span class='ocrx_word' id='word_1_147' title='bbox 538 2303 672 2358; x_wconf 88' lang='lat' dir='ltr'><strong>prospere</strong></span> <span class='ocrx_word' id='word_1_148' title='bbox 699 2287 823 2356; x_wconf 78' lang='lat' dir='ltr'><strong>functus,</strong></span> <span class='ocrx_word' id='word_1_149' title='bbox 850 2291 961 2374; x_wconf 72' lang='lat' dir='ltr'><strong>iabores</strong></span> <span class='ocrx_word' id='word_1_150' title='bbox 984 2289 1077 2350; x_wconf 85' lang='lat' dir='ltr'><strong>etiam</strong></span> 
     </span>
     <span class='ocr_line' id='line_1_22' title="bbox 207 2381 1077 2464; baseline 0 -18"><span class='ocrx_word' id='word_1_151' title='bbox 207 2403 326 2462; x_wconf 80' lang='lat' dir='ltr'><strong>magnos</strong></span> <span class='ocrx_word' id='word_1_152' title='bbox 348 2382 523 2458; x_wconf 81' lang='lat' dir='ltr'><strong>excepisset,</strong></span> <span class='ocrx_word' id='word_1_153' title='bbox 547 2381 653 2445; x_wconf 74' lang='lat' dir='ltr'><strong>⁵⁸illius</strong></span> <span class='ocrx_word' id='word_1_154' title='bbox 671 2384 821 2458; x_wconf 84' lang='lat' dir='ltr'><strong>judicialis</strong></span> <span class='ocrx_word' id='word_1_155' title='bbox 845 2385 915 2464; x_wconf 83' lang='lat' dir='ltr'><strong>anni</strong></span> <span class='ocrx_word' id='word_1_156' title='bbox 937 2388 1077 2446; x_wconf 81' lang='lat' dir='ltr'><strong>severita-</strong></span> 
     </span>
    </p>
   </div>
   <div class='ocr_carea' id='block_1_3' title="bbox 206 2476 1077 2766">
    <p class='ocr_par' dir='ltr' id='par_1_3' title="bbox 206 2476 1077 2766">
     <span class='ocr_line' id='line_1_23' title="bbox 206 2476 645 2558; baseline -0.032 -8"><span class='ocrx_word' id='word_1_157' title='bbox 206 2490 276 2552; x_wconf 71' lang='lat' dir='ltr'><strong>tem,</strong></span> <span class='ocrx_word' id='word_1_158' title='bbox 289 2481 370 2558; x_wconf 82' lang='lat' dir='ltr'><strong>quasi</strong></span> <span class='ocrx_word' id='word_1_159' title='bbox 384 2476 484 2548; x_wconf 77' lang='lat' dir='ltr'><strong>silem,</strong></span> <span class='ocrx_word' id='word_1_160' title='bbox 498 2497 557 2544; x_wconf 83' lang='lat' dir='ltr'><strong>non</strong></span> <span class='ocrx_word' id='word_1_161' title='bbox 571 2481 645 2546; x_wconf 81' lang='lat' dir='ltr'><strong>tulit.</strong></span> 
     </span>
     <span class='ocr_line' id='line_1_24' title="bbox 247 2579 1077 2664; baseline -0.006 -19"><span class='ocrx_word' id='word_1_162' title='bbox 247 2583 328 2644; x_wconf 71' lang='lat' dir='ltr'><strong>Tum</strong></span> <span class='ocrx_word' id='word_1_163' title='bbox 342 2579 469 2648; x_wconf 84' lang='lat' dir='ltr'><strong>Atticus,</strong></span> <span class='ocrx_word' id='word_1_164' title='bbox 491 2579 540 2636; x_wconf 85' lang='lat' dir='ltr'><strong>Tu</strong></span> <span class='ocrx_word' id='word_1_165' title='bbox 554 2579 669 2652; x_wconf 80' lang='lat' dir='ltr'><strong>quidem</strong></span> <span class='ocrx_word' id='word_1_166' title='bbox 687 2581 724 2636; x_wconf 88' lang='lat' dir='ltr'><strong>de</strong></span> <span class='ocrx_word' id='word_1_167' title='bbox 738 2581 830 2664; x_wconf 74' lang='lat' dir='ltr'><strong>bucce,¹</strong></span> <span class='ocrx_word' id='word_1_168' title='bbox 844 2580 947 2655; x_wconf 81' lang='lat' dir='ltr'><strong>inquit,</strong></span> <span class='ocrx_word' id='word_1_169' title='bbox 967 2581 1077 2652; x_wconf 65' lang='lat' dir='ltr'><strong>hauris.</strong></span> 
     </span>
     <span class='ocr_line' id='line_1_25' title="bbox 207 2677 1077 2766; baseline -0.002 -29"><span class='ocrx_word' id='word_1_170' title='bbox 207 2681 292 2756; x_wconf 77' lang='lat' dir='ltr'><strong>idque</strong></span> <span class='ocrx_word' id='word_1_171' title='bbox 300 2677 488 2754; x_wconf 86' lang='lat' dir='ltr'><strong>jamdudum:</strong></span> <span class='ocrx_word' id='word_1_172' title='bbox 509 2679 561 2734; x_wconf 80' lang='lat' dir='ltr'><strong>sen</strong></span> <span class='ocrx_word' id='word_1_173' title='bbox 586 2679 729 2758; x_wconf 77' lang='lat' dir='ltr'><strong>tacebam:</strong></span> <span class='ocrx_word' id='word_1_174' title='bbox 750 2678 805 2752; x_wconf 82' lang='lat' dir='ltr'><strong>hoc</strong></span> <span class='ocrx_word' id='word_1_175' title='bbox 829 2696 899 2735; x_wconf 86' lang='lat' dir='ltr'><strong>vero</strong></span> <span class='ocrx_word' id='word_1_176' title='bbox 923 2696 983 2766; x_wconf 85' lang='lat' dir='ltr'><strong>non</strong></span> <span class='ocrx_word' id='word_1_177' title='bbox 994 2685 1077 2754; x_wconf 85' lang='lat' dir='ltr'><strong>puta·</strong></span> 
     </span>
    </p>
   </div>
   <div class='ocr_carea' id='block_1_4' title="bbox 206 2829 1080 3006">
    <p class='ocr_par' dir='ltr' id='par_1_4' title="bbox 206 2829 1080 3006">
     <span class='ocr_line' id='line_1_26' title="bbox 234 2829 1077 2894; baseline 0.001 -15"><span class='ocrx_word' id='word_1_178' title='bbox 234 2833 258 2868; x_wconf 74' lang='lat'><strong>⁵⁶</strong></span> <span class='ocrx_word' id='word_1_179' title='bbox 272 2832 312 2892; x_wconf 80' lang='lat' dir='ltr'><strong>qai</strong></span> <span class='ocrx_word' id='word_1_180' title='bbox 320 2833 384 2879; x_wconf 66' lang='lat' dir='ltr'><strong>nnuc</strong></span> <span class='ocrx_word' id='word_1_181' title='bbox 399 2843 432 2876; x_wconf 80' lang='lat' dir='ltr'><strong>oe.</strong></span> <span class='ocrx_word' id='word_1_182' title='bbox 448 2855 459 2864; x_wconf 93' lang='lat'>·</span> <span class='ocrx_word' id='word_1_183' title='bbox 472 2837 483 2865; x_wconf 88' lang='lat'><strong>-&#39;</strong></span> <span class='ocrx_word' id='word_1_184' title='bbox 496 2831 607 2892; x_wconf 75' lang='lat' dir='ltr'><strong>clamore]</strong></span> <span class='ocrx_word' id='word_1_185' title='bbox 637 2830 709 2880; x_wconf 81' lang='lat' dir='ltr'><strong>Iocus</strong></span> <span class='ocrx_word' id='word_1_186' title='bbox 724 2829 800 2876; x_wconf 85' lang='lat' dir='ltr'><strong>durior</strong></span> <span class='ocrx_word' id='word_1_187' title='bbox 814 2833 857 2886; x_wconf 73' lang='lat' dir='ltr'><strong>est,</strong></span> <span class='ocrx_word' id='word_1_188' title='bbox 867 2830 926 2891; x_wconf 84' lang='lat' dir='ltr'><strong>quod</strong></span> <span class='ocrx_word' id='word_1_189' title='bbox 941 2845 1077 2894; x_wconf 81' lang='lat' dir='ltr'><strong>consequens</strong></span> 
     </span>
     <span class='ocr_line' id='line_1_27' title="bbox 206 2887 1080 2949; baseline -0.005 -9"><span class='ocrx_word' id='word_1_190' title='bbox 206 2892 388 2940; x_wconf 77' lang='lat' dir='ltr'><strong>videturdeesse.</strong></span> <span class='ocrx_word' id='word_1_191' title='bbox 418 2887 485 2936; x_wconf 87' lang='lat' dir='ltr'><strong>Nihil</strong></span> <span class='ocrx_word' id='word_1_192' title='bbox 495 2889 553 2939; x_wconf 84' lang='lat' dir='ltr'><strong>enim</strong></span> <span class='ocrx_word' id='word_1_193' title='bbox 571 2935 573 2942; x_wconf 81' lang='grc'>,</span> <span class='ocrx_word' id='word_1_194' title='bbox 613 2888 906 2947; x_wconf 74' lang='lat' dir='ltr'><strong>oouetverbissomssmsc.</strong></span> <span class='ocrx_word' id='word_1_195' title='bbox 937 2890 1020 2938; x_wconf 83' lang='lat' dir='ltr'><strong>Planus</strong></span> <span class='ocrx_word' id='word_1_196' title='bbox 1029 2895 1080 2949; x_wconf 77' lang='lat' dir='ltr'><strong>fiat,</strong></span> 
     </span>
     <span class='ocr_line' id='line_1_28' title="bbox 206 2946 902 3006; baseline -0.007 -11"><span class='ocrx_word' id='word_1_197' title='bbox 206 2949 310 2996; x_wconf 69' lang='lat' dir='ltr'><strong>sidelero</strong></span> <span class='ocrx_word' id='word_1_198' title='bbox 320 2950 339 2995; x_wconf 75' lang='grc' dir='ltr'><strong>εἰ</strong></span> <span class='ocrx_word' id='word_1_199' title='bbox 349 2949 372 2995; x_wconf 90' lang='lat' dir='ltr'><strong>in</strong></span> <span class='ocrx_word' id='word_1_200' title='bbox 381 2946 454 2993; x_wconf 85' lang='lat' dir='ltr'><strong>verbis</strong></span> <span class='ocrx_word' id='word_1_201' title='bbox 465 2947 559 3006; x_wconf 78' lang='lat' dir='ltr'><strong>siqoom</strong></span> <span class='ocrx_word' id='word_1_202' title='bbox 566 2947 595 2992; x_wconf 80' lang='lat' dir='ltr'><strong>ho</strong></span> <span class='ocrx_word' id='word_1_203' title='bbox 610 2949 663 2994; x_wconf 74' lang='grc' dir='ltr'><strong>εὐαί,</strong></span> <span class='ocrx_word' id='word_1_204' title='bbox 898 2949 902 2954; x_wconf 80' lang='grc'><strong>’</strong></span> 
     </span>
    </p>
   </div>
   <div class='ocr_carea' id='block_1_5' title="bbox 206 3023 1077 3200">
    <p class='ocr_par' dir='ltr' id='par_1_5' title="bbox 206 3023 1077 3200">
     <span class='ocr_line' id='line_1_29' title="bbox 234 3023 1077 3126; baseline 0.004 -56"><span class='ocrx_word' id='word_1_205' title='bbox 234 3026 257 3060; x_wconf 74' lang='lat'><strong>³⁷</strong></span> <span class='ocrx_word' id='word_1_206' title='bbox 271 3025 306 3071; x_wconf 76' lang='grc' dir='ltr'><strong>Μ.</strong></span> <span class='ocrx_word' id='word_1_207' title='bbox 323 3026 405 3080; x_wconf 72' lang='lat' dir='ltr'><strong>Croesi,</strong></span> <span class='ocrx_word' id='word_1_208' title='bbox 419 3023 488 3126; x_wconf 60' lang='lat' dir='ltr'><strong>fuori</strong></span> <span class='ocrx_word' id='word_1_209' title='bbox 503 3025 670 3085; x_wconf 68' lang='lat' dir='ltr'><strong>mundorum]</strong></span> <span class='ocrx_word' id='word_1_210' title='bbox 708 3023 745 3070; x_wconf 79' lang='lat' dir='ltr'><strong>Sic</strong></span> <span class='ocrx_word' id='word_1_211' title='bbox 761 3039 776 3070; x_wconf 86' lang='lat' dir='ltr'><strong>o</strong></span> <span class='ocrx_word' id='word_1_212' title='bbox 792 3024 851 3072; x_wconf 86' lang='lat' dir='ltr'><strong>Mss.</strong></span> <span class='ocrx_word' id='word_1_213' title='bbox 868 3023 931 3072; x_wconf 77' lang='lat' dir='ltr'><strong>dedit</strong></span> <span class='ocrx_word' id='word_1_214' title='bbox 947 3024 1077 3082; x_wconf 69' lang='lat' dir='ltr'><strong>Lambinus,</strong></span> 
     </span>
     <span class='ocr_line' id='line_1_30' title="bbox 206 3081 1076 3146; baseline 0.003 -17"><span class='ocrx_word' id='word_1_215' title='bbox 206 3096 271 3144; x_wconf 85' lang='lat' dir='ltr'><strong>quem</strong></span> <span class='ocrx_word' id='word_1_216' title='bbox 281 3088 366 3128; x_wconf 80' lang='lat' dir='ltr'><strong>recubus</strong></span> <span class='ocrx_word' id='word_1_217' title='bbox 376 3085 409 3128; x_wconf 84' lang='lat' dir='ltr'><strong>est</strong></span> <span class='ocrx_word' id='word_1_218' title='bbox 432 3116 437 3125; x_wconf 94' lang='lat'><em>.</em></span> <span class='ocrx_word' id='word_1_219' title='bbox 449 3081 581 3138; x_wconf 84' lang='lat' dir='ltr'><strong>Gronovius,</strong></span> <span class='ocrx_word' id='word_1_220' title='bbox 591 3081 653 3128; x_wconf 83' lang='lat' dir='ltr'><strong>nixus</strong></span> <span class='ocrx_word' id='word_1_221' title='bbox 663 3082 730 3128; x_wconf 85' lang='lat' dir='ltr'><strong>etiam</strong></span> <span class='ocrx_word' id='word_1_222' title='bbox 741 3083 897 3130; x_wconf 84' lang='lat' dir='ltr'><strong>obseruatione</strong></span> <span class='ocrx_word' id='word_1_223' title='bbox 905 3088 1000 3143; x_wconf 74' lang='lat' dir='ltr'><strong>pater-na</strong></span> <span class='ocrx_word' id='word_1_224' title='bbox 1009 3099 1076 3146; x_wconf 86' lang='lat' dir='ltr'><strong>super</strong></span> 
     </span>
     <span class='ocr_line' id='line_1_31' title="bbox 206 3139 1074 3200; baseline 0.002 -13"><span class='ocrx_word' id='word_1_225' title='bbox 206 3155 246 3188; x_wconf 88' lang='lat' dir='ltr'><strong>usu</strong></span> <span class='ocrx_word' id='word_1_226' title='bbox 255 3139 319 3200; x_wconf 88' lang='lat' dir='ltr'><strong>hujus</strong></span> <span class='ocrx_word' id='word_1_227' title='bbox 328 3141 414 3185; x_wconf 80' lang='lat' dir='ltr'><strong>formae</strong></span> <span class='ocrx_word' id='word_1_228' title='bbox 420 3139 443 3186; x_wconf 90' lang='lat' dir='ltr'><strong>in</strong></span> <span class='ocrx_word' id='word_1_229' title='bbox 450 3139 507 3185; x_wconf 84' lang='lat' dir='ltr'><strong>Oba.</strong></span> <span class='ocrx_word' id='word_1_230' title='bbox 519 3139 582 3186; x_wconf 79' lang='lat' dir='ltr'><strong>Eccl.</strong></span> <span class='ocrx_word' id='word_1_231' title='bbox 594 3155 614 3184; x_wconf 92' lang='lat' dir='ltr'><strong>c.</strong></span> <span class='ocrx_word' id='word_1_232' title='bbox 624 3140 666 3186; x_wconf 85' lang='lat' dir='ltr'><strong>ult.</strong></span> <span class='ocrx_word' id='word_1_233' title='bbox 697 3141 742 3188; x_wconf 77' lang='lat' dir='ltr'><strong>Sed</strong></span> <span class='ocrx_word' id='word_1_234' title='bbox 751 3141 830 3190; x_wconf 82' lang='lat' dir='ltr'><strong>Rivius</strong></span> <span class='ocrx_word' id='word_1_235' title='bbox 839 3148 914 3190; x_wconf 87' lang='lat' dir='ltr'><strong>monet</strong></span> <span class='ocrx_word' id='word_1_236' title='bbox 925 3141 947 3188; x_wconf 87' lang='lat' dir='ltr'><strong>in</strong></span> <span class='ocrx_word' id='word_1_237' title='bbox 957 3143 994 3188; x_wconf 80' lang='lat' dir='ltr'><strong>ed.</strong></span> <span class='ocrx_word' id='word_1_238' title='bbox 1005 3143 1074 3190; x_wconf 85' lang='lat' dir='ltr'><strong>Rom.</strong></span> 
     </span>
    </p>
   </div>
   <div class='ocr_carea' id='block_1_6' title="bbox 204 3195 1076 3572">
    <p class='ocr_par' dir='ltr' id='par_1_6' title="bbox 205 3195 1076 3360">
     <span class='ocr_line' id='line_1_32' title="bbox 205 3195 1076 3261; baseline 0.002 -17"><span class='ocrx_word' id='word_1_239' title='bbox 205 3213 253 3246; x_wconf 86' lang='lat' dir='ltr'><strong>esse</strong></span> <span class='ocrx_word' id='word_1_240' title='bbox 262 3197 409 3243; x_wconf 68' lang='lat' dir='ltr'><strong>oeconomias.</strong></span> <span class='ocrx_word' id='word_1_241' title='bbox 440 3195 484 3244; x_wconf 82' lang='lat' dir='ltr'><strong>Ed.</strong></span> <span class='ocrx_word' id='word_1_242' title='bbox 494 3197 559 3242; x_wconf 86' lang='lat' dir='ltr'><strong>Med.</strong></span> <span class='ocrx_word' id='word_1_243' title='bbox 573 3198 624 3242; x_wconf 86' lang='lat' dir='ltr'><strong>inde</strong></span> <span class='ocrx_word' id='word_1_244' title='bbox 631 3197 683 3244; x_wconf 81' lang='lat' dir='ltr'><strong>fecit</strong></span> <span class='ocrx_word' id='word_1_245' title='bbox 693 3199 844 3257; x_wconf 72' lang='lat' dir='ltr'><strong>secossdnra&#39;ar,</strong></span> <span class='ocrx_word' id='word_1_246' title='bbox 855 3201 912 3261; x_wconf 88' lang='lat' dir='ltr'><strong>quod</strong></span> <span class='ocrx_word' id='word_1_247' title='bbox 922 3199 991 3246; x_wconf 85' lang='lat' dir='ltr'><strong>ceteri</strong></span> <span class='ocrx_word' id='word_1_248' title='bbox 1005 3203 1076 3248; x_wconf 82' lang='lat' dir='ltr'><strong>secuti</strong></span> 
     </span>
     <span class='ocr_line' id='line_1_33' title="bbox 205 3254 1076 3326; baseline 0.005 -24"><span class='ocrx_word' id='word_1_249' title='bbox 205 3260 262 3326; x_wconf 78' lang='lat' dir='ltr'><strong>sunt.</strong></span> <span class='ocrx_word' id='word_1_250' title='bbox 292 3254 447 3300; x_wconf 68' lang='lat' dir='ltr'><strong>necandorum</strong></span> <span class='ocrx_word' id='word_1_251' title='bbox 456 3257 530 3300; x_wconf 79' lang='lat' dir='ltr'><strong>tamen</strong></span> <span class='ocrx_word' id='word_1_252' title='bbox 545 3255 592 3311; x_wconf 84' lang='lat' dir='ltr'><strong>jam</strong></span> <span class='ocrx_word' id='word_1_253' title='bbox 608 3255 677 3301; x_wconf 86' lang='lat' dir='ltr'><strong>habet</strong></span> <span class='ocrx_word' id='word_1_254' title='bbox 695 3257 730 3302; x_wconf 90' lang='lat' dir='ltr'><strong>ed.</strong></span> <span class='ocrx_word' id='word_1_255' title='bbox 742 3259 799 3304; x_wconf 86' lang='lat' dir='ltr'><strong>Ven.</strong></span> <span class='ocrx_word' id='word_1_256' title='bbox 810 3264 835 3304; x_wconf 79' lang='lat' dir='ltr'><strong>et</strong></span> <span class='ocrx_word' id='word_1_257' title='bbox 848 3259 900 3309; x_wconf 86' lang='lat' dir='ltr'><strong>inde</strong></span> <span class='ocrx_word' id='word_1_258' title='bbox 917 3259 1040 3316; x_wconf 72' lang='lat' dir='ltr'><strong>Corradus,</strong></span> <span class='ocrx_word' id='word_1_259' title='bbox 1051 3265 1076 3306; x_wconf 89' lang='lat' dir='ltr'><strong>ut</strong></span> 
     </span>
     <span class='ocr_line' id='line_1_34' title="bbox 205 3327 289 3360; baseline -0.024 0"><span class='ocrx_word' id='word_1_260' title='bbox 205 3329 220 3360; x_wconf 89' lang='lat' dir='ltr'><strong>o</strong></span> <span class='ocrx_word' id='word_1_261' title='bbox 234 3327 289 3360; x_wconf 77' lang='lat' dir='ltr'><strong>anor.</strong></span> 
     </span>
    </p>

    <p class='ocr_par' dir='ltr' id='par_1_7' title="bbox 204 3329 1076 3572">
     <span class='ocr_line' id='line_1_35' title="bbox 219 3329 1075 3456; baseline 0.011 -21"><span class='ocrx_word' id='word_1_262' title='bbox 219 3329 255 3425; x_wconf 62' lang='lat' dir='ltr'><strong>P⁵⁸</strong></span> <span class='ocrx_word' id='word_1_263' title='bbox 268 3389 334 3436; x_wconf 78' lang='lat' dir='ltr'><strong>illios</strong></span> <span class='ocrx_word' id='word_1_264' title='bbox 354 3387 475 3446; x_wconf 74' lang='lat' dir='ltr'><strong>judicialis</strong></span> <span class='ocrx_word' id='word_1_265' title='bbox 484 3389 550 3456; x_wconf 65' lang='grc' dir='ltr'><strong>Ιαπτιί</strong></span> <span class='ocrx_word' id='word_1_266' title='bbox 567 3390 718 3453; x_wconf 57' lang='lat' dir='ltr'><strong>assentatus]</strong></span> <span class='ocrx_word' id='word_1_267' title='bbox 768 3395 872 3452; x_wconf 71' lang='lat' dir='ltr'><strong>lptellige</strong></span> <span class='ocrx_word' id='word_1_268' title='bbox 891 3409 981 3453; x_wconf 79' lang='lat' dir='ltr'><strong>sunum,</strong></span> <span class='ocrx_word' id='word_1_269' title='bbox 998 3411 1044 3456; x_wconf 87' lang='lat' dir='ltr'><strong>quo</strong></span> <span class='ocrx_word' id='word_1_270' title='bbox 1061 3411 1075 3444; x_wconf 86' lang='lat' dir='ltr'><strong>a</strong></span> 
     </span>
     <span class='ocr_line' id='line_1_36' title="bbox 204 3445 1076 3520; baseline 0.001 -20"><span class='ocrx_word' id='word_1_271' title='bbox 204 3448 311 3520; x_wconf 83' lang='lat' dir='ltr'><strong>Pompeio</strong></span> <span class='ocrx_word' id='word_1_272' title='bbox 330 3445 414 3516; x_wconf 76' lang='lat' dir='ltr'><strong>legibus</strong></span> <span class='ocrx_word' id='word_1_273' title='bbox 432 3445 532 3516; x_wconf 74' lang='lat' dir='ltr'><strong>plumbus</strong></span> <span class='ocrx_word' id='word_1_274' title='bbox 548 3447 765 3518; x_wconf 59' lang='lat' dir='ltr'><strong>iornraJudiciorum</strong></span> <span class='ocrx_word' id='word_1_275' title='bbox 782 3453 906 3512; x_wconf 60' lang='lat' dir='ltr'><strong>immutata,</strong></span> <span class='ocrx_word' id='word_1_276' title='bbox 925 3458 949 3500; x_wconf 88' lang='lat' dir='ltr'><strong>at</strong></span> <span class='ocrx_word' id='word_1_277' title='bbox 964 3463 1076 3510; x_wconf 83' lang='lat' dir='ltr'><strong>oratores,</strong></span> 
     </span>
     <span class='ocr_line' id='line_1_37' title="bbox 204 3505 1075 3572; baseline 0.002 -16"><span class='ocrx_word' id='word_1_278' title='bbox 204 3511 266 3556; x_wconf 73' lang='lat' dir='ltr'><strong>brevi</strong></span> <span class='ocrx_word' id='word_1_279' title='bbox 275 3521 338 3553; x_wconf 88' lang='lat' dir='ltr'><strong>mora</strong></span> <span class='ocrx_word' id='word_1_280' title='bbox 346 3510 393 3551; x_wconf 85' lang='lat' dir='ltr'><strong>rnte</strong></span> <span class='ocrx_word' id='word_1_281' title='bbox 420 3509 485 3561; x_wconf 74' lang='lat' dir='ltr'><strong>osuin,</strong></span> <span class='ocrx_word' id='word_1_282' title='bbox 495 3505 570 3551; x_wconf 80' lang='lat' dir='ltr'><strong>ducere</strong></span> <span class='ocrx_word' id='word_1_283' title='bbox 576 3522 631 3563; x_wconf 82' lang='lat' dir='ltr'><strong>Jussr</strong></span> <span class='ocrx_word' id='word_1_284' title='bbox 641 3515 704 3564; x_wconf 80' lang='lat' dir='ltr'><strong>sunt3</strong></span> <span class='ocrx_word' id='word_1_285' title='bbox 720 3509 779 3571; x_wconf 87' lang='lat' dir='ltr'><strong>quod</strong></span> <span class='ocrx_word' id='word_1_286' title='bbox 790 3527 839 3558; x_wconf 86' lang='lat' dir='ltr'><strong>cum</strong></span> <span class='ocrx_word' id='word_1_287' title='bbox 849 3527 893 3558; x_wconf 91' lang='lat' dir='ltr'><strong>non</strong></span> <span class='ocrx_word' id='word_1_288' title='bbox 902 3517 992 3572; x_wconf 79' lang='lat' dir='ltr'><strong>possent</strong></span> <span class='ocrx_word' id='word_1_289' title='bbox 1001 3514 1075 3559; x_wconf 81' lang='lat' dir='ltr'><strong>minus</strong></span> 
     </span>
    </p>
   </div>
   <div class='ocr_carea' id='block_1_7' title="bbox 204 3563 1076 3674">
    <p class='ocr_par' dir='ltr' id='par_1_8' title="bbox 204 3563 1076 3674">
     <span class='ocr_line' id='line_1_38' title="bbox 204 3563 1076 3631; baseline 0.005 -17"><span class='ocrx_word' id='word_1_290' title='bbox 204 3565 326 3619; x_wconf 80' lang='lat' dir='ltr'><strong>exercitati,</strong></span> <span class='ocrx_word' id='word_1_291' title='bbox 344 3564 359 3610; x_wconf 89' lang='lat' dir='ltr'><strong>ii</strong></span> <span class='ocrx_word' id='word_1_292' title='bbox 381 3563 507 3623; x_wconf 85' lang='lat' dir='ltr'><strong>reinquere</strong></span> <span class='ocrx_word' id='word_1_293' title='bbox 523 3565 622 3612; x_wconf 86' lang='lat' dir='ltr'><strong>actiones</strong></span> <span class='ocrx_word' id='word_1_294' title='bbox 638 3567 710 3614; x_wconf 78' lang='lat' dir='ltr'><strong>coacti</strong></span> <span class='ocrx_word' id='word_1_295' title='bbox 729 3573 788 3616; x_wconf 89' lang='lat' dir='ltr'><strong>sunt.</strong></span> <span class='ocrx_word' id='word_1_296' title='bbox 811 3571 840 3618; x_wconf 84' lang='lat' dir='ltr'><strong>de</strong></span> <span class='ocrx_word' id='word_1_297' title='bbox 856 3585 900 3631; x_wconf 83' lang='lat' dir='ltr'><strong>qua</strong></span> <span class='ocrx_word' id='word_1_298' title='bbox 918 3585 943 3616; x_wconf 88' lang='lat' dir='ltr'><strong>re</strong></span> <span class='ocrx_word' id='word_1_299' title='bbox 955 3563 1076 3618; x_wconf 78' lang='lat' dir='ltr'><strong>¹adeundus</strong></span> 
     </span>
     <span class='ocr_line' id='line_1_39' title="bbox 205 3621 644 3674; baseline -0.007 0"><span class='ocrx_word' id='word_1_300' title='bbox 205 3628 287 3674; x_wconf 71' lang='lat' dir='ltr'><strong>Asson</strong></span> <span class='ocrx_word' id='word_1_301' title='bbox 298 3624 328 3670; x_wconf 80' lang='lat' dir='ltr'><strong>ad</strong></span> <span class='ocrx_word' id='word_1_302' title='bbox 337 3621 384 3670; x_wconf 74' lang='lat' dir='ltr'><strong>cte.</strong></span> <span class='ocrx_word' id='word_1_303' title='bbox 396 3627 420 3669; x_wconf 83' lang='lat' dir='ltr'><strong>et</strong></span> <span class='ocrx_word' id='word_1_304' title='bbox 429 3621 485 3670; x_wconf 77' lang='lat' dir='ltr'><strong>infru</strong></span> <span class='ocrx_word' id='word_1_305' title='bbox 494 3629 569 3672; x_wconf 80' lang='lat' dir='ltr'><strong>noster</strong></span> <span class='ocrx_word' id='word_1_306' title='bbox 579 3639 597 3670; x_wconf 86' lang='lat' dir='ltr'><strong>c.</strong></span> <span class='ocrx_word' id='word_1_307' title='bbox 608 3628 644 3671; x_wconf 77' lang='lat' dir='ltr'><strong>br.</strong></span> 
     </span>
    </p>
   </div>
   <div class='ocr_carea' id='block_1_8' title="bbox 0 0 1234 4184">
    <p class='ocr_par' dir='ltr' id='par_1_9' title="bbox 0 0 1234 4184">
     <span class='ocr_line' id='line_1_40' title="bbox 0 0 1234 4184; baseline 0 1"><span class='ocrx_word' id='word_1_308' title='bbox 0 0 1234 4184; x_wconf 95' lang='lat' dir='ltr'><strong> </strong></span> 
     </span>
    </p>
   </div>
  </div>
 </body>
</html>
