2444 4192
310 339 516 390 ‚omnemne
531 320 754 391 susurrones.
913 349 982 410 q„

13 487 18 510 '
112 491 154 547 ti:
169 505 187 546 a
200 489 302 564 qm‘bns
314 494 347 547 ut
359 505 487 565 quaeque
501 505 546 546 res
566 497 648 563 gesta
668 493 723 558 est,
744 489 786 547 ita
800 487 844 547 sit
856 491 977 550 honesta

111 603 233 645 neeesse
256 592 309 655 est,
322 605 487 662 summeque
507 587 669 646 laudabilis.
713 583 788 646 Sunt
807 591 904 646 antem
928 588 979 646 alii

110 685 226 760 quidam
245 684 266 718 ¹⁵
276 685 397 761 perlecti
421 685 511 744 animi
531 686 656 754 babitus,
678 688 715 743 nd
739 686 877 744 virtutem
898 685 980 760 quasi

113 783 311 857 praemittet
325 784 487 858 praeparati
508 785 596 842 rectis
618 784 720 842 studiis
741 790 771 843 et
795 784 980 852 artibosz‘ut.

112 881 144 939 in
157 882 216 939 suis
230 884 323 951 rebus,
337 883 433 940 studia
451 882 619 949 litterarum,
633 885 664 939 ut
677 877 861 940 nomeromm-
879 899 914 940 ac
937 899 981 940 so·

111 997 223 1048 norum,
237 985 269 1037 ut
289 999 448 1049 mensurae,
461 985 494 1038 ut
506 981 641 1048 siderom3
655 985 686 1038 ut
709 997 854 1056 equomm,
875 987 908 1038 ut
931 999 981 1038 ve·

112 1077 212 1146 naudi,
225 1083 256 1136 ut
269 1095 428 1148 armomm;
447 1079 702 1149 incommunius,
722 1081 905 1152 propensiora
924 1085 980 1138 stu·

110 1176 205 1235 dinin
218 1177 314 1252 aliquo
337 1195 446 1250 genere
468 1177 583 1234 virtutis
604 1177 758 1250 praecipue
783 1179 916 1245 colendo,
932 1184 981 1236 aut

110 1275 220 1334 divinis
246 1278 330 1334 rebus
354 1275 556 1344 deserviendo,
587 1281 636 1333 aut
665 1277 841 1349 parentibus,
868 1277 980 1346 amicis,
1051 1307 1058 1319 «

110 1375 280 1448 hospitibus,
291 1375 446 1448 praecipue
459 1351 545 1448 atque
559 1374 712 1448 insigniter
719 1375 884 1449 diligendis.
926 1378 979 1435 At-

111 1491 168 1547 que
190 1473 263 1529 baec
290 1473 406 1547 quidem
432 1474 579 1532 virtutum.
621 1474 768 1534 Vitiorum
794 1481 891 1534 antem
913 1480 980 1533 sunt
1024 1491 1028 1528 1

109 1589 219 1646 genera
243 1571 397 1629 contraria.
436 1567 704 1631 Gernenda'autem
728 1579 795 1630 sunt
815 1574 980 1646 diligenter,

110 1689 148 1728 ne
170 1670 272 1726 saliant
286 1687 322 1726 ea
342 1670 493 1737 nosvitia,
515 1689 588 1744 quae
610 1671 747 1728 virtutem
769 1669 982 1728 videnturimi-
1024 1666 1027 1671 ’

112 1770 177 1836 tari,
198 1787 265 1826 nam
280 1776 310 1825 et
323 1770 505 1841 prudentiam
519 1767 641 1834 malitia,
655 1774 685 1824 et
700 1768 919 1841 temperantiam
930 1767 982 1824 irn-

111 1867 235 1924 manitas
243 1866 276 1924 in
290 1867 486 1939 voluptatibus
500 1866 697 1939 aspernandis,
710 1870 740 1922 et
751 1866 981 1937 magnitudinem

110 1964 204 2023 animi
218 1963 352 2038 superbia
363 1965 396 2020 in
410 1963 515 2021 animis
535 1965 720 2029 extollendis,
745 1970 776 2021 et
789 1963 984 2036 despicientia

112 2065 145 2121 in
159 2061 381 2120 contemnendis
407 2062 570 2130 honoribus,
593 2067 624 2126 et
647 2063 850 2119 liberalitatem
873 2062 983 2131 effusio,

114 2167 147 2220 et
171 2160 368 2218 fortitudinem
382 2160 504 2218 audacia
517 2161 653 2229 imitator,
667 2166 697 2218 et
717 2161 888 2234 patientiam
906 2159 984 2218 ¹⁰du-

114 2260 182 2318 sitia
208 2259 356 2327 immanisp
373 2264 404 2316 et
421 2259 566 2332 justitiam
587 2259 739 2329 acerbitas,
759 2265 791 2318 et
813 2260 984 2334 religionem

23 2384 25 2388 ·
110 2359 296 2431 *superstitim
305 2364 336 2415 et
348 2359 499 2416 lenitatem
513 2359 636 2417 mollitia
650 2360 749 2426 animi,
771 2365 801 2416 et
815 2359 985 2416 verecundi-

114 2473 163 2512 am
179 2447 326 2520 timiditas,
346 2461 376 2510 et
389 2457 470 2512 illam
489 2456 653 2527 disputandi
671 2456 853 2526 prudentiam
867 2473 985 2512 concer-

114 2553 189 2614 tatio
203 2552 386 2624 captatioque
412 2554 574 2620 verborom,
595 2557 626 2609 et
648 2554 726 2610 hano
748 2553 901 2610 oratoriam
923 2554 986 2610 vim
1086 2593 1090 2615 2

114 2649 213 2710 inanis
226 2651 367 2724 quaedam
380 2649 551 2721 profluentia
575 2651 719 2724 loquendi.
764 2651 873 2708 Studiis
888 2656 986 2709 autern

116 2749 202 2806 bonis
213 2748 320 2805 similia
346 2747 481 2804 videntur
492 2764 539 2815 ea,
552 2766 625 2821 quae
639 2754 705 2806 sunt
718 2749 751 2804 in
765 2751 868 2806 eodem
881 2765 986 2821 genere

119 2848 220 2906 nimia.
264 2847 456 2917 Quamobrem
479 2847 573 2902 omnis
594 2845 639 2902 vis
661 2847 798 2903 laudandi
824 2847 988 2920 vituperan-

118 2947 204 3020 dique
219 2963 256 3001 ex
271 2946 315 3002 bis
330 2949 457 3002 sumetur
471 2944 609 3000 virtutum
631 2943 823 3018 viliommqsie
845 2945 986 3018 partibus:

47 3109 52 3120 ,
114 3047 172 3101 sed
187 3044 218 3100 in
231 3048 292 3100 toto
305 3043 386 3118 quasi
406 3047 547 3100 contextu
569 3042 707 3098 orationis
727 3043 800 3098 haec
814 3049 897 3100 ernnt
911 3043 989 3100 illus·

121 3144 224 3200 tranda
252 3141 388 3207 maxime,
415 3142 656 3215 quemadmodum
683 3140 801 3214 quisque
827 3148 989 3215 generatus,

117 3237 139 3272 ¹²
149 3239 388 3314 quemadmodum
410 3240 557 3306 educatus,
580 3241 819 3313 quemadmodum
842 3240 989 3298 institutus

151 3393 172 3427 ¹⁵
184 3391 355 3450 perfecdnnima'
364 3391 424 3452 tat]
456 3391 578 3452 Epitheton
592 3408 629 3440 me
643 3394 701 3440 solet
717 3394 836 3441 offendere.
868 3393 990 3440 commode

124 3451 217 3498 abesset.
248 3450 359 3496 Ed.Ven.
373 3449 505 3506 babetjicti.
784 3469 788 3474 ’

153 3530 174 3563 ¹⁸
188 3529 275 3576 doritm
283 3528 405 3590 immonis]
438 3528 484 3576 Ms.
497 3529 524 3575 a.
537 3530 573 3576 ed.
584 3529 641 3576 Ven.
652 3531 735 3588 innam,
746 3530 811 3577 malr.

152 3609 175 3642 ¹⁷
189 3609 370 3677 qromndmodum
378 3607 500 3676 educatos}
535 3607 604 3655 Abest
621 3609 668 3657 Ms.
681 3609 711 3657 n.
740 3609 828 3668 Nempe
842 3608 866 3656 id
882 3607 991 3672 stiantiu-

126 3667 197 3723 telligr
207 3671 281 3728 potest
289 3681 312 3712 m
322 3666 390 3712 verbo
397 3666 519 3714 tractabo.
