2460 4184
218 313 259 372 stt
570 303 709 356 murus.

214 451 387 520 desiderare,
407 469 467 511 nort
482 453 569 510 modo
586 452 807 527 querendi‘aed
824 465 864 508 nc
883 449 1004 524 lugendi
1023 450 1091 525 qna

164 543 283 609 tarem
296 552 385 609 linem
405 551 588 624 reperiemus.
630 550 786 623 Pergamus
800 565 879 622 ergo,
898 547 1027 622 inquam,
1046 549 1089 614 ad

215 651 335 725 reliqua,
348 655 379 706 et
392 648 553 706 institutum
566 648 697 705 ordinem
710 663 921 722 persequamur.
962 647 1085 704 Paratus

217 747 309 822 igitur
319 747 457 804 veniebat
471 746 601 815 Crassus,
611 747 843 819 exspectabatur,
856 745 1025 802 audiebatur
1035 763 1047 800 e
1066 759 1088 805 a

216 845 360 920 principio
371 844 480 910 statim,
494 841 582 921 (qnod
596 849 658 902 erat
671 846 747 919 apud
760 861 827 901 eum
838 859 954 916 semper
966 857 1084 900 accura-

217 941 291 1021 tum)
323 943 544 1018 exspectatione
570 943 674 1017 dignus
701 942 875 1003 videbatur:
906 957 966 999 non
992 943 1084 1000 mul&

154 1057 158 1062 ·
211 1041 337 1116 jactatio
350 1042 486 1116 corporis,
504 1059 562 1099 non
576 1039 729 1099 inclinatio
747 1041 840 1108 vocis,
861 1042 940 1098 nulla
953 1039 1084 1096 inambu-

216 1142 298 1209 latio‚
312 1159 371 1199 non
384 1143 486 1198 crebra
498 1139 644 1213 supplosio
657 1138 754 1212 pedis:
768 1139 938 1205 vehemens,
952 1137 1084 1196 atiniar-

217 1241 285 1296 dum
305 1239 388 1306 irata,
402 1243 443 1295 *et
462 1241 549 1312 plena
564 1237 638 1310 justi
661 1237 767 1294 doloris
786 1236 895 1294 oratio:
919 1238 1029 1294 multae
1052 1241 1085 1294 ct

217 1353 284 1394 eum
301 1336 444 1408 gravitate
457 1335 598 1392 facetiae:
615 1337 745 1408 qnodque
759 1334 879 1392 difficile
891 1340 947 1401 ert,
960 1333 1040 1392 idem
1052 1337 1084 1390 et

216 1437 392 1507 perornatus,
412 1439 443 1490 et
456 1433 612 1507 perbrevis.
653 1433 721 1489 Jam
734 1432 766 1490 in
781 1433 948 1490 altercando
965 1431 1085 1491 invenit

216 1547 315 1605 parem
334 1531 500 1588 neminem:
522 1535 653 1587 versatus
672 1535 717 1588 est
739 1530 772 1588 in
790 1530 871 1587 orani
893 1531 954 1587 iero
974 1547 1084 1604 genere

217 1647 383 1701 causarum:
396 1635 506 1687 mature
514 1628 545 1686 ia
557 1631 651 1686 locum
662 1629 823 1702 principum
833 1634 976 1686 oratomm
988 1629 1082 1692 veuit.
1184 1665 1186 1670 -

218 1729 381 1788 Accusavit
395 1729 431 1787 G.
446 1729 620 1794 Garbonem,
640 1727 905 1802 eloquentissimum
924 1726 1083 1794 hominem,

217 1827 370 1886 admodum
390 1828 577 1884 adolescens:
598 1841 739 1884 summam
754 1825 865 1899 ingenii
886 1843 946 1882 non
965 1827 1084 1886 landem

217 1928 311 1994 modo,
331 1927 382 1983 sed
396 1924 485 1984 etiam
498 1923 717 1982 admirationem
736 1929 781 1980 ast
799 1928 980 1981 consecutus.
1002 1925 1082 1981 ·De·

217 2025 309 2083 iendit
331 2030 432 2098 postea
446 2023 594 2082 Liciniam
617 2021 769 2097 virginem,
790 2037 858 2081 cum
876 2035 968 2081 annos
988 2039 1082 2080 xxvrr

217 2127 300 2180 natus
314 2128 400 2179 esset.
415 2122 446 2178 in
459 2138 496 2177 aa
506 2121 570 2194 ipsa
582 2137 670 2177 causa
680 2121 735 2178 tuit
748 2121 1006 2195 eloquentissima,
1014 2137 1083 2178 ora·

216 2218 359 2290 tionisque
372 2219 433 2290 ejus
443 2217 565 2289 scriptas
575 2219 712 2292 quasdam
722 2224 817 2291 partes
831 2218 954 2293 reliquit.
975 2219 1084 2276 Voluit

216 2316 394 2383 adolescens,
413 2315 445 2371 in
465 2315 581 2372 colonia
602 2317 787 2374 Narbonensi
806 2335 911 2375 causae
935 2317 1079 2390 popularis

216 2414 325 2487 aliquid
351 2413 503 2487 attingere,
530 2430 650 2488 eamque
675 2416 829 2484 coloniam,
852 2421 884 2473 ut
910 2415 991 2483 iecit,
1018 2415 1082 2490 ipse

216 2513 368 2569 deducere.
413 2513 519 2571 Exstat
544 2512 576 2570 in
600 2531 664 2570 eam
687 2516 787 2587 legem
818 2513 954 2580 “saniem
979 2519 1012 2570 nt
1038 2513 1081 2570 ita

216 2611 322 2680 dicam,
335 2627 419 2686 quam
432 2611 484 2667 illa
493 2616 573 2668 aclas
584 2611 702 2680 terebat,
715 2613 816 2670 oratio.
846 2613 966 2671 Multae·
971 2613 1082 2671 deinde

215 2726 336 2781 cauaae;
357 2709 463 2768 sedita
477 2709 582 2768 tacitus
601 2711 769 2777 tribunatus,
789 2716 829 2779 ut,
849 2710 906 2768 nisi
919 2711 951 2768 in
965 2729 1001 2768 eo
1022 2727 1079 2770 ma·

215 2811 334 2886 gistratu
345 2809 512 2867 cenavisset
525 2810 600 2883 apud
614 2827 786 2882 praeconem
798 2810 949 2876 Granium,
961 2807 983 2842 '¹
993 2809 1080 2884 itique

215 2913 298 2969 nobis
313 2910 356 2982 bis
371 2908 545 2968 narravisset
559 2908 699 2975 Lucilius,
717 2907 860 2966 tribunum
880 2907 973 2982 plebis
986 2909 1079 2967 nesci·

215 3067 268 3108 ante
277 3065 403 3120 conjectura
408 3067 522 3108 assecutus
536 3075 609 3106 eram:
626 3077 676 3108 nam
690 3061 814 3108 adaerere
823 3067 847 3108 et
859 3061 930 3120 quem,
945 3065 1080 3123 respondent

214 3121 361 3179 arperioribus
375 3121 513 3166 emnidernrc
527 3121 639 3168 cidelare.
671 3121 713 3167 Est
722 3119 769 3166 sine
783 3120 877 3167 dub10e
892 3121 947 3168 vitio
961 3131 1099 3184 operarum·

214 3183 295 3236 orbum,
309 3193 353 3226 non
362 3177 521 3228 animadverso.

244 3256 266 3288 ⁹⁰
280 3257 349 3302 matio
365 3257 445 3312 renim,
455 3257 509 3316 etc]
525 3257 638 3314 eleganter
647 3272 697 3318 pro,
711 3272 768 3320 quae
777 3273 791 3306 a
800 3257 886 3306 seniore
900 3259 997 3317 homine,
1013 3274 1079 3322 quan

215 3317 262 3362 ium
271 3315 363 3360 Crassus
372 3320 427 3367 erat,
438 3315 520 3375 scripta
530 3315 639 3363 videatur.

244 3393 267 3426 ⁹⁷
281 3393 417 3462 idqucumis
432 3393 579 3496 &smmi
607 3394 656 3450 Bit,
671 3399 729 3442 teste
743 3396 820 3452 Rivio,
836 3397 901 3444 abest
915 3397 945 3467 ab
959 3399 995 3468 ed:
1011 3398 1078 3444 aon.

215 3451 253 3498 sed
264 3455 299 3497 est
308 3465 330 3497 rn
340 3451 390 3499 edd.
402 3451 459 3496 Ven.
471 3452 537 3498 Med.
549 3454 570 3498 Α
580 3452 602 3497 d.
613 3453 676 3500 lunt.
707 3455 788 3502 Utrum
804 3461 888 3502 umere
897 3458 977 3504 ultuma
986 3472 1010 3503 rn
1018 3456 1083 3504 adiu

213 3509 356 3618 {minnista
366 3523 395 3558 an
405 3509 540 3571 absorpserit
554 3511 587 3564 bit
595 3510 619 3559 in
627 3511 676 3572 illa,
690 3510 798 3564 inmun
806 3519 847 3564 est.
863 3529 905 3564 aee
914 3517 990 3575 raiert,
1006 3519 1080 3564 utrm
