2474 4188
510 291 647 352 saurus.
958 305 997 368 lp

128 434 236 516 primm
249 443 412 514 intellexit·
430 445 519 506 etiarn
532 447 563 510 in
580 443 676 506 solute
689 443 828 512 oratione,
846 445 915 504 duur
933 461 998 506 ver·

127 543 355 620 consurgeres,
377 547 493 606 modum
507 551 615 612 iernen,
635 550 666 602 ei
685 559 836 603 numerum
854 546 998 618 quendum

127 651 261 719 oportere
281 645 402 704 servari.
445 646 525 704 Ante
546 646 623 703 hunc
638 643 719 702 enim
740 644 895 702 verborum
918 643 999 716 qnasi

125 737 282 812 'etmctum
302 748 334 802 et
356 743 497 820 quaedam
520 744 721 805 adnumerum
739 740 899 808 conclusio,
920 741 1001 798 nulls

130 846 213 900 erut:
233 845 292 910 out,
307 843 338 904 -si
358 843 473 918 quondo
485 847 557 910 eret,
574 860 633 900 non
647 842 803 916 apparebat
822 857 888 910 eam
901 839 1002 898 dedite

131 955 222 1014 opere
234 957 298 998 esse
312 941 490 1016 quaesitum:
510 958 584 1016 quae
597 941 717 999 forsitan
734 941 797 1002 lun!
810 939 866 998 sit:
888 955 1001 1010 verum·

104 1043 232 1115 ,tomen
262 1044 367 1098 notura
399 1039 587 1114 megistum,
622 1056 746 1114 casuque
779 1053 1002 1110 nonnumquam,

128 1134 246 1212 ¹'quem
266 1142 316 1194 sut
341 1137 453 1196 ratione
477 1137 583 1212 alique,
603 1141 653 1194 cut
671 1134 877 1206 observatione
903 1134 1001 1192 tiebat.

131 1235 203 1308 ipso
215 1235 294 1294 enim
309 1240 410 1294 cetura
428 1235 695 1308 circumscriptione
709 1235 835 1308 quadem
849 1233 1003 1290 verborum
1059 1253 1072 1270 ’

131 1333 363 1406 comprehendit,
389 1333 594 1406 concluditque
618 1331 815 1390 sententium:
839 1347 1002 1404 quaecum

134 1430 214 1503 aptis
240 1431 398 1492 constrictu
419 1432 515 1489 verbis
540 1437 594 1496 est,
619 1430 699 1486 cudit
721 1429 811 1490 ctiam
836 1430 1003 1502 pierumque

137 1543 300 1588 numerose.
361 1529 439 1584 Nem
472 1533 503 1582 et
535 1543 618 1584 eures
654 1525 736 1598 ipsae
771 1525 840 1600 quid
876 1528 1004 1599 plenum,

138 1623 211 1700 quid
233 1624 319 1684 iurene
342 1623 389 1691 sit,
416 1623 561 1696 judicent,
586 1627 617 1680 et
649 1623 758 1696 spiritu,
791 1623 874 1697 quusi
906 1641 1005 1684 neces·

137 1721 227 1784 ritate
256 1721 364 1800 otiqueq
392 1723 544 1782 verborum
567 1719 787 1793 comprehensio
815 1720 1005 1780 terminatum

137 1819 172 1879 in
197 1835 255 1895 quo
278 1835 338 1881 non
358 1820 444 1876 modo
466 1818 562 1886 defici,
585 1818 748 1876 sedetiam
771 1819 899 1878 labente
923 1824 1006 1892 turpe
1109 1814 1112 1822 ’

134 1921 191 1980 est.
234 1915 317 1974 Tum
329 1915 381 1972 iuii
395 1913 511 1986 Lysias,
522 1915 585 1987 ipse
601 1916 717 1989 quidem
728 1915 761 1972 in
778 1916 874 1972 cuneis
888 1916 1007 1972 forensi·
1017 1925 1053 1986 9.

137 2017 196 2077 bus
210 2029 271 2073 non
292 2015 431 2076 versutus,
445 2012 496 2066 sed
516 2011 631 2084 egregie
648 2011 761 2068 subtilis
774 2011 904 2084 scriptor,
923 2016 1009 2086 etque

137 2115 271 2186 elegans,
286 2126 371 2185 quem
385 2110 449 2182 jem
463 2125 551 2181 prope
571 2109 677 2168 cudens
696 2112 838 2166 oratorem
851 2109 1010 2183 perfectum

139 2211 249 2272 dicere.
277 2225 346 2266 nam
370 2209 455 2280 pinne
478 2207 595 2282 quidem
619 2207 784 2280 perfectum,
808 2212 839 2264 et
862 2209 910 2266 cui
931 2208 1008 2270 nihii

139 2309 293 2388 edmodum
308 2306 392 2372 desit,
413 2307 642 2376 Demosthenem
654 2306 740 2364 facile
758 2307 877 2364 dixeris.
920 2308 1006 2370 Nihil

141 2413 227 2466 sente
245 2403 372 2471 inveniri
385 2404 478 2476 potuit
490 2403 522 2461 in
536 2403 579 2460 eie
593 2404 697 2471 censis,
710 2421 780 2478 quus
793 2404 917 2488 scripsit,
931 2405 1007 2468 nihii

143 2499 188 2581 (ut
207 2502 250 2560 itu
261 2497 372 2577 dicem)
391 2503 521 2567 subdole,
546 2501 618 2559 nihil
639 2508 765 2569 versuto,
785 2503 861 2576 quod
882 2502 933 2560 ille
949 2520 1010 2564 non

147 2597 1013 2672 viderit3nihilrubtiliterdici,nihilpresednihilenuoleete,

148 2715 205 2774 quo
222 2698 285 2756 fieri
298 2696 389 2771 possit
406 2695 514 2770 aliquid
529 2697 667 2754 limatius:
685 2698 758 2756 nihil
775 2701 877 2754 conns
894 2701 1014 2772 grande,

148 2795 223 2856 nihil
233 2795 396 2862 incitatum,
410 2793 484 2852 nihil
494 2797 628 2855 ornatum
637 2795 686 2848 vei
697 2795 1014 2866 verborum‚,grsvitete,

147 2893 429 2962 vehementiorum,
447 2908 505 2967 quo
520 2889 675 2965 quidquem
694 2893 771 2946 esset
784 2890 896 2949 elutius.
936 2892 1014 2952 Huic

149 2991 316 3066 Hyperides
329 2990 485 3064 proximus,
498 2995 529 3048 et
551 2987 715 3045 Aeschines
733 2987 796 3056 suit,
810 2994 841 3046 et
856 2990 1014 3067 Lycurgus,

148 3093 181 3146 et
194 3087 370 3155 Dinarchus,
389 3093 419 3166 qt
435 3085 470 3156 is,
488 3087 571 3160 cnjus
590 3087 670 3146 nulle
683 3093 800 3144 exstent
817 3089 933 3163 scriptu,
955 3093 1014 3152 Dc·

149 3188 261 3254 medes,
271 3186 380 3260 ¹cliique
393 3186 497 3258 plures.
539 3185 623 3242 Heec
643 3183 722 3242 enim
734 3191 814 3244 uetes
824 3186 923 3246 effudit
937 3191 1013 3250 hanc

150 3285 285 3358 cupiem3
298 3287 339 3352 et,
352 3287 384 3340 ut
395 3281 494 3357 opinio
507 3299 573 3342 mee
591 3283 654 3352 tert,
667 3301 772 3352 succus
786 3284 846 3354 ille,
858 3292 890 3344 et
898 3289 1015 3364 sanguis

181 3436 203 3470 ¹⁵
291 3437 404 3498 ccicc]
434 3434 518 3483 Addidi
533 3437 681 3495 qrromexed.
693 3437 747 3488 Ald.
762 3437 829 3498 q'uem
837 3437 925 3486 videtur
934 3436 1016 3488 intelli·

192 3509 206 3540 e
239 3493 302 3551 rius,
312 3495 394 3542 veteris
403 3494 438 3540 ed.
449 3495 544 3540 nornine.
575 3495 716 3548 sustinet
747 3497 824 3548 ciam
833 3495 880 3544 uiue
889 3497 950 3546 libris
963 3493 1016 3545 edii

184 3552 260 3614 hebai,
269 3561 295 3602 ut
303 3555 377 3602 ierem
389 3552 500 3602 Victorius
509 3558 533 3601 et
542 3553 621 3603 uano
