2436 4192
140 335 149 348 ·
226 323 289 386 248
527 321 573 370 nn
587 317 784 370 senmurum

225 466 371 540 aequatis:
406 467 502 528 Mutis
519 474 617 528 autem
642 475 718 538 sunt,
739 485 814 545 quse
833 465 1013 544 sepontium
1034 465 1096 540 ipse

225 573 443 640 comparentur:
454 585 527 643 quoe
540 569 582 626 ita
592 569 651 628 tere
664 571 884 628 concluduntur.
927 567 964 625 Si
971 565 1096 624 consilio

218 663 326 738 juvare
347 667 430 726 cives
449 671 479 725 et
502 667 737 745 auxilio,.cequa
759 668 791 728 iu
814 667 900 726 leude
925 665 1095 740 ponendum

225 769 286 822 est:
300 766 362 839 pori
372 765 464 840 gioria
478 767 587 824 debent
600 785 664 825 esse
674 768 706 836 ii,
717 768 766 843 qui
776 769 942 834 consulunt,
956 770 987 824 et
1001 765 1035 834 ii,
1049 763 1096 840 qui

224 865 391 923 detendunt.
404 863 472 934 ”at
492 867 568 941 quod
588 866 719 940 primurn,
737 872 797 924 est:
812 866 888 941 quod
902 866 1034 940 sequitur
1045 864 1096 940 igi·

224 968 278 1023 tur.
319 965 455 1022 Perfecto
474 970 519 1023 est
538 966 633 1050 onmis
652 970 884 1040 argumentorum
902 964 1096 1022 inveniendo

223 1081 286 1122 rum
304 1066 482 1138 praeceptio,
494 1070 535 1133 ut,
549 1047 617 1123 cum
634 1066 779 1139 profectus
793 1065 832 1122 sis
846 1081 865 1121 a
882 1063 1095 1130 definitionem

222 1162 388 1236 partitione,
398 1181 416 1222 a
425 1164 585 1233 notatione,
596 1182 614 1221 a
624 1165 825 1240 conjugatum
838 1181 956 1238 genere,
967 1163 1094 1232 aiorms,

223 1279 241 1322 ι
254 1262 455 1332 similitudine,
466 1281 484 1320 s
497 1263 700 1332 differendos
715 1262 876 1332 contrariis,
890 1263 927 1320 ab
938 1261 1094 1336 adjunctis,

222 1375 240 1420 ι
252 1361 505 1435 consequentibus,
515 1363 553 1420 ab
566 1362 815 1430 antecedentibus,
826 1361 1094 1444 erepugnnntibus,

221 1475 240 1516 a
252 1459 356 1526 causis,
376 1460 414 1516 ab
427 1459 548 1527 effectis,
568 1477 586 1516 o
600 1460 817 1534 comparatione
830 1459 982 1533 mdiorum,
999 1460 1094 1520 mino·

221 1557 426 1630 rumpentium,
447 1560 699 1632 nutu-praeterea
712 1561 797 1618 sedes
818 1557 982 1633 argumenti
1010 1575 1094 1634 quus
1201 1593 1202 1602 κ

221 1658 312 1716 reuda
324 1657 372 1716 sit.

171 1770 210 1828 19
262 1758 323 1815 Sed
343 1757 480 1833 quoniam
503 1757 546 1821 ita
568 1773 587 1814 o
607 1756 752 1831 principio
773 1757 937 1824 divisimus,
963 1761 999 1814 ut·
1018 1756 1092 1820 alios

220 1859 300 1916 locos
315 1857 476 1914 diceremus
489 1856 522 1915 iu
532 1875 568 1914 eo
581 1857 654 1930 ipso,
667 1857 705 1914 de
718 1873 775 1930 quo
787 1855 952 1930 ambigitur,
961 1857 1092 1924 haerere,

219 1957 257 2013 de
275 1956 376 2030 quibus
390 1955 459 2013 setis
474 1961 519 2014 est
534 1945 654 2028 dieurm,
675 1955 748 2012 ctios
762 1953 870 2012 assumi
888 1954 1094 2026 extrinsecus

218 2055 257 2110 de
268 2054 305 2112 iis
318 2071 411 2127 pauco
424 2053 571 2112 dicumm:
585 2054 641 2114 etsi
654 2069 691 2112 es
703 2053 778 2112 nihil
792 2052 913 2114 omniuo
925 2053 965 2112 ed
978 2057 1092 2114 vestros

218 2151 428 2224 disputationes
448 2153 609 2224 pertineam
634 2154 687 2210 sed
700 2157 798 2210 tumen
819 2155 911 2210 toran
928 2169 991 2212 rem
1009 2152 1094 2225 pcrt-

218 2249 339 2317 ciamus,
355 2251 588 2322 quandoquidem
600 2252 760 2326 coepimus.
801 2253 905 2326 Neque
919 2250 1001 2310 enim
1015 2255 1047 2310 tu
1065 2251 1091 2310 is

218 2361 260 2412 es,
286 2361 374 2418 quem
398 2345 481 2412 nihil,
503 2346 562 2403 uisi
581 2347 631 2420 jus
658 2348 760 2418 civile,
787 2351 936 2408 delectet:
964 2355 997 2408 et
1022 2367 1090 2425 quo

217 2443 298 2504 num
312 2445 349 2504 ad
368 2449 399 2502 te
418 2444 493 2503 hoec
507 2444 550 2503 ite
567 2445 739 2517 scribuntur,
754 2453 792 2514 ut
812 2448 903 2508 etism
919 2447 953 2508 iu
966 2448 1090 2508 oliorum

218 2561 321 2603 munus
334 2544 393 2602 sint
403 2549 536 2613 venturu,
546 2546 630 2603 detm
639 2563 736 2622 opero,
744 2551 777 2604 ut
789 2547 1034 2622 quamplurimum
1043 2547 1087 2620 ἰὴ,

216 2662 286 2720 quos
297 2648 377 2702 rectu
389 2643 484 2702 surdis
497 2646 655 2714 delectent,
668 2645 803 2720 prodesse
813 2645 965 2719 possimus.
1000 2646 1084 2706 Haeo

217 2759 286 2817 ergo
298 2742 518 2817 argumentatio,
531 2761 604 2818 quse
622 2744 728 2802 dicitur
746 2744 816 2802 artis
827 2761 944 2818 expers,
960 2744 994 2802 in
1007 2745 1086 2804 testi·

216 2841 316 2905 monio
328 2840 423 2916 posite
436 2846 490 2900 est.
529 2841 746 2901 Testimonium
760 2847 856 2902 cutem
870 2861 949 2902 nunc
962 2843 1088 2904 dicimus

216 2959 311 3010 omne,
330 2943 406 3016 quod
418 2943 456 2999 cb
476 2939 573 3018 atiquo
592 2959 623 2999 re
643 2945 765 3000 externe
785 2943 957 3002 sumiturud
977 2943 1085 3003 tacien-

215 3041 283 3099 dam
304 3041 400 3098 fidem.
441 3042 570 3102 Persona
585 3047 682 3099 nutem
696 3059 755 3101 non
775 3042 993 3118 qualiscumque
1007 3043 1086 3104 testi

215 3136 307 3193 roouii
331 3139 441 3210 pondus
453 3139 562 3198 hebet:
586 3141 625 3196 ad
636 3139 802 3198 taciendam
820 3141 901 3198 enim
913 3141 1002 3200 fidem
1022 3157 1088 3200 suc·

216 3233 316 3290 toritas
340 3237 502 3309 quaeritari
532 3239 584 3295 sed
607 3238 809 3298 auctoritatem
833 3244 883 3297 cut
906 3246 1011 3299 natura
1037 3245 1086 3298 aut

246 3387 269 3422 ¹¹⁰
283 3391 313 3444 at,
323 3387 380 3447 quod
393 3387 500 3443 primm,
511 3390 567 3492 eccl¹
590 3388 627 3436 Sic
637 3388 762 3452 interpunxi
774 3393 855 3452 locum,
870 3393 941 3456 quiin
950 3409 979 3442 vu
1029 3393 1035 3405 ’
1056 3397 1089 3440 est

216 3447 263 3495 sine
278 3445 460 3508 interpunctione.
492 3447 552 3493 nost
569 3447 602 3493 ius
617 3448 729 3497 etiamsic
743 3451 805 3511 legit,
821 3454 944 3515 atquehoc
1007 3452 1013 3464 ’
1042 3452 1089 3500 vita

216 3507 383 3556 dialecticorum
398 3519 460 3554 more
469 3504 568 3552 breviter
582 3508 671 3568 prolata
679 3516 714 3558 est
726 3512 831 3560 assumtio
847 3520 871 3560 et
884 3513 1004 3560 conclusio.
1036 3510 1088 3566 sed,

217 3571 242 3614 ut
252 3568 337 3634 opinor,
349 3565 443 3629 primum
452 3566 509 3627 quod
519 3565 596 3616 melius
606 3567 670 3614 alsit.
