<?xml version="1.0" encoding="UTF-8"?>
<!DOCTYPE html PUBLIC "-//W3C//DTD XHTML 1.0 Transitional//EN"
    "http://www.w3.org/TR/xhtml1/DTD/xhtml1-transitional.dtd">
<html xmlns="http://www.w3.org/1999/xhtml" xml:lang="en" lang="en">
 <head>
  <title>
</title>
<meta http-equiv="Content-Type" content="text/html;charset=utf-8" />
  <meta name='ocr-system' content='tesseract 3.04.00' />
  <meta name='ocr-capabilities' content='ocr_page ocr_carea ocr_par ocr_line ocrx_word'/>
</head>
<body>
  <div class='ocr_page' id='page_1' title='image "./mtvlliiciceroni09cicegoog/mtvlliiciceroni09cicegoog_0094.png"; bbox 0 0 2460 4184; ppageno 0'>
   <div class='ocr_carea' id='block_1_1' title="bbox 512 296 1010 370">
    <p class='ocr_par' dir='ltr' id='par_1_1' title="bbox 512 296 1010 370">
     <span class='ocr_line' id='line_1_1' title="bbox 512 296 1010 370; baseline -0.004 -21"><span class='ocrx_word' id='word_1_1' title='bbox 512 296 646 349; x_wconf 74' lang='lat' dir='ltr'><strong>Butl&#39;l&#39;llt.</strong></span> <span class='ocrx_word' id='word_1_2' title='bbox 966 305 1010 370; x_wconf 73' lang='lat'><strong>8³</strong></span> 
     </span>
    </p>
   </div>
   <div class='ocr_carea' id='block_1_2' title="bbox 132 444 1105 3374">
    <p class='ocr_par' dir='ltr' id='par_1_2' title="bbox 132 444 1105 3374">
     <span class='ocr_line' id='line_1_2' title="bbox 132 444 1007 522; baseline 0.009 -21"><span class='ocrx_word' id='word_1_3' title='bbox 132 444 344 518; x_wconf 68' lang='lat' dir='ltr'><strong>mupmbatns:</strong></span> <span class='ocrx_word' id='word_1_4' title='bbox 365 445 397 502; x_wconf 91' lang='lat' dir='ltr'><strong>et</strong></span> <span class='ocrx_word' id='word_1_5' title='bbox 409 447 560 520; x_wconf 72' lang='lat' dir='ltr'><strong>conlegis,</strong></span> <span class='ocrx_word' id='word_1_6' title='bbox 572 449 650 522; x_wconf 86' lang='lat' dir='ltr'><strong>quod</strong></span> <span class='ocrx_word' id='word_1_7' title='bbox 671 447 927 506; x_wconf 83' lang='lat' dir='ltr'><strong>eandemaunsam</strong></span> <span class='ocrx_word' id='word_1_8' title='bbox 940 465 1007 508; x_wconf 90' lang='lat' dir='ltr'><strong>cum</strong></span> 
     </span>
     <span class='ocr_line' id='line_1_3' title="bbox 133 541 1013 630; baseline 0 -26"><span class='ocrx_word' id='word_1_9' title='bbox 133 547 234 616; x_wconf 58' lang='lat' dir='ltr'><strong>morat</strong></span> <span class='ocrx_word' id='word_1_10' title='bbox 256 541 318 616; x_wconf 87' lang='lat' dir='ltr'><strong>ejus</strong></span> <span class='ocrx_word' id='word_1_11' title='bbox 340 545 455 618; x_wconf 76' lang='lat' dir='ltr'><strong>college</strong></span> <span class='ocrx_word' id='word_1_12' title='bbox 474 545 529 630; x_wconf 85' lang='lat' dir='ltr'><strong>ille</strong></span> <span class='ocrx_word' id='word_1_13' title='bbox 547 545 620 619; x_wconf 88' lang='lat' dir='ltr'><strong>ipse·</strong></span> <span class='ocrx_word' id='word_1_14' title='bbox 634 545 791 620; x_wconf 80' lang='lat' dir='ltr'><strong>Sulpicius,</strong></span> <span class='ocrx_word' id='word_1_15' title='bbox 814 547 863 604; x_wconf 88' lang='lat' dir='ltr'><strong>hic</strong></span> <span class='ocrx_word' id='word_1_16' title='bbox 886 549 966 619; x_wconf 85' lang='lat' dir='ltr'><strong>plara</strong></span> <span class='ocrx_word' id='word_1_17' title='bbox 978 551 1013 604; x_wconf 52' lang='lat' dir='ltr'><strong>et»</strong></span> 
     </span>
     <span class='ocr_line' id='line_1_4' title="bbox 134 640 1011 718; baseline 0.005 -20"><span class='ocrx_word' id='word_1_18' title='bbox 134 640 265 700; x_wconf 81' lang='lat' dir='ltr'><strong>acutiore</strong></span> <span class='ocrx_word' id='word_1_19' title='bbox 278 641 410 700; x_wconf 79' lang='lat' dir='ltr'><strong>dicebat..</strong></span> <span class='ocrx_word' id='word_1_20' title='bbox 446 643 548 717; x_wconf 79' lang='lat' dir='ltr'><strong>ltaque</strong></span> <span class='ocrx_word' id='word_1_21' title='bbox 562 645 818 718; x_wconf 83' lang='lat' dir='ltr'><strong>posttribnnetnm</strong></span> <span class='ocrx_word' id='word_1_22' title='bbox 833 647 927 718; x_wconf 85' lang='lat' dir='ltr'><strong>primo</strong></span> <span class='ocrx_word' id='word_1_23' title='bbox 938 646 1011 702; x_wconf 63' lang='lat' dir='ltr'><strong>vmul·</strong></span> 
     </span>
     <span class='ocr_line' id='line_1_5' title="bbox 136 740 1012 817; baseline 0.005 -21"><span class='ocrx_word' id='word_1_24' title='bbox 136 743 185 796; x_wconf 87' lang='lat' dir='ltr'><strong>tae</strong></span> <span class='ocrx_word' id='word_1_25' title='bbox 208 740 245 796; x_wconf 88' lang='lat' dir='ltr'><strong>ad</strong></span> <span class='ocrx_word' id='word_1_26' title='bbox 269 757 337 798; x_wconf 88' lang='lat' dir='ltr'><strong>enm</strong></span> <span class='ocrx_word' id='word_1_27' title='bbox 358 757 473 810; x_wconf 84' lang='lat' dir='ltr'><strong>causae,</strong></span> <span class='ocrx_word' id='word_1_28' title='bbox 496 742 734 811; x_wconf 83' lang='lat' dir='ltr'><strong>deindeomnes,</strong></span> <span class='ocrx_word' id='word_1_29' title='bbox 756 744 905 801; x_wconf 80' lang='lat' dir='ltr'><strong>maximae</strong></span> <span class='ocrx_word' id='word_1_30' title='bbox 927 759 1012 817; x_wconf 80' lang='lat' dir='ltr'><strong>qnae·</strong></span> 
     </span>
     <span class='ocr_line' id='line_1_6' title="bbox 136 840 1011 912; baseline 0.003 -17"><span class='ocrx_word' id='word_1_31' title='bbox 136 853 261 912; x_wconf 86' lang='lat' dir='ltr'><strong>cumque</strong></span> <span class='ocrx_word' id='word_1_32' title='bbox 283 843 377 907; x_wconf 83' lang='lat' dir='ltr'><strong>eraut,</strong></span> <span class='ocrx_word' id='word_1_33' title='bbox 400 840 610 898; x_wconf 81' lang='lat' dir='ltr'><strong>delerebenurr.</strong></span> <span class='ocrx_word' id='word_1_34' title='bbox 662 843 738 900; x_wconf 78' lang='lat' dir='ltr'><strong>ltem</strong></span> <span class='ocrx_word' id='word_1_35' title='bbox 765 842 888 900; x_wconf 84' lang='lat' dir='ltr'><strong>videbat</strong></span> <span class='ocrx_word' id='word_1_36' title='bbox 913 845 1011 908; x_wconf 84' lang='lat' dir='ltr'><strong>sente,</strong></span> 
     </span>
     <span class='ocr_line' id='line_1_7' title="bbox 136 937 1013 1019; baseline 0.003 -25"><span class='ocrx_word' id='word_1_37' title='bbox 136 939 334 1010; x_wconf 84' lang='lat' dir='ltr'><strong>oomponebat</strong></span> <span class='ocrx_word' id='word_1_38' title='bbox 348 937 513 1012; x_wconf 72' lang='lat' dir='ltr'>diligenter,</span> <span class='ocrx_word' id='word_1_39' title='bbox 530 939 670 998; x_wconf 85' lang='lat' dir='ltr'><strong>memoria</strong></span> <span class='ocrx_word' id='word_1_40' title='bbox 683 942 819 996; x_wconf 84' lang='lat' dir='ltr'><strong>valebat:</strong></span> <span class='ocrx_word' id='word_1_41' title='bbox 840 939 939 1019; x_wconf 84' lang='lat' dir='ltr'><strong>uerbis</strong></span> <span class='ocrx_word' id='word_1_42' title='bbox 952 955 1013 998; x_wconf 83' lang='lat' dir='ltr'><strong>non</strong></span> 
     </span>
     <span class='ocr_line' id='line_1_8' title="bbox 137 1033 1105 1110; baseline 0.002 -16"><span class='ocrx_word' id='word_1_43' title='bbox 137 1033 189 1094; x_wconf 84' lang='lat' dir='ltr'><strong>ille</strong></span> <span class='ocrx_word' id='word_1_44' title='bbox 201 1035 320 1110; x_wconf 89' lang='lat' dir='ltr'><strong>quidem</strong></span> <span class='ocrx_word' id='word_1_45' title='bbox 333 1035 442 1094; x_wconf 84' lang='lat' dir='ltr'><strong>ornatis</strong></span> <span class='ocrx_word' id='word_1_46' title='bbox 462 1039 606 1104; x_wconf 80' lang='lat' dir='ltr'><strong>utebatur,</strong></span> <span class='ocrx_word' id='word_1_47' title='bbox 620 1039 675 1096; x_wconf 81' lang='lat' dir='ltr'><strong>sed</strong></span> <span class='ocrx_word' id='word_1_48' title='bbox 693 1041 793 1094; x_wconf 82' lang='lat' dir='ltr'><strong>tomen</strong></span> <span class='ocrx_word' id='word_1_49' title='bbox 806 1055 866 1094; x_wconf 91' lang='lat' dir='ltr'><strong>nou</strong></span> <span class='ocrx_word' id='word_1_50' title='bbox 879 1037 1018 1110; x_wconf 65' lang='lat' dir='ltr'><strong>aldectia,</strong></span> <span class='ocrx_word' id='word_1_51' title='bbox 1099 1087 1105 1096; x_wconf 89' lang='lat'><em>.</em></span> 
     </span>
     <span class='ocr_line' id='line_1_9' title="bbox 139 1132 1015 1208; baseline 0.002 -16"><span class='ocrx_word' id='word_1_52' title='bbox 139 1132 288 1208; x_wconf 77' lang='lat' dir='ltr'><strong>Expedita</strong></span> <span class='ocrx_word' id='word_1_53' title='bbox 301 1139 399 1192; x_wconf 90' lang='lat' dir='ltr'><strong>autem</strong></span> <span class='ocrx_word' id='word_1_54' title='bbox 412 1141 476 1192; x_wconf 86' lang='lat' dir='ltr'><strong>erat</strong></span> <span class='ocrx_word' id='word_1_55' title='bbox 489 1139 521 1192; x_wconf 88' lang='lat' dir='ltr'><strong>et</strong></span> <span class='ocrx_word' id='word_1_56' title='bbox 540 1135 681 1208; x_wconf 76' lang='lat' dir='ltr'><strong>perfacile</strong></span> <span class='ocrx_word' id='word_1_57' title='bbox 700 1135 934 1192; x_wconf 83' lang='lat' dir='ltr'><strong>currens-oratio.</strong></span> <span class='ocrx_word' id='word_1_58' title='bbox 974 1136 1015 1194; x_wconf 77' lang='lat' dir='ltr'><strong>ut</strong></span> 
     </span>
     <span class='ocr_line' id='line_1_10' title="bbox 139 1211 1014 1307; baseline 0 -17"><span class='ocrx_word' id='word_1_59' title='bbox 139 1236 204 1290; x_wconf 88' lang='lat' dir='ltr'><strong>arat</strong></span> <span class='ocrx_word' id='word_1_60' title='bbox 224 1231 287 1306; x_wconf 84' lang='lat' dir='ltr'><strong>ejus</strong></span> <span class='ocrx_word' id='word_1_61' title='bbox 311 1233 428 1307; x_wconf 88' lang='lat' dir='ltr'><strong>quidem</strong></span> <span class='ocrx_word' id='word_1_62' title='bbox 451 1237 588 1306; x_wconf 79' lang='lat' dir='ltr'><strong>tanquam</strong></span> <span class='ocrx_word' id='word_1_63' title='bbox 613 1233 729 1290; x_wconf 87' lang='lat' dir='ltr'><strong>habitus</strong></span> <span class='ocrx_word' id='word_1_64' title='bbox 755 1251 814 1292; x_wconf 91' lang='lat' dir='ltr'><strong>nou</strong></span> <span class='ocrx_word' id='word_1_65' title='bbox 838 1211 1014 1292; x_wconf 69' lang='lat' dir='ltr'><strong>snnmanussr</strong></span> 
     </span>
     <span class='ocr_line' id='line_1_11' title="bbox 141 1331 1013 1406; baseline 0.002 -18"><span class='ocrx_word' id='word_1_66' title='bbox 141 1331 221 1390; x_wconf 85' lang='lat' dir='ltr'><strong>actio</strong></span> <span class='ocrx_word' id='word_1_67' title='bbox 245 1333 373 1405; x_wconf 80' lang='lat' dir='ltr'><strong>paullum</strong></span> <span class='ocrx_word' id='word_1_68' title='bbox 393 1349 460 1390; x_wconf 84' lang='lat' dir='ltr'><strong>enm</strong></span> <span class='ocrx_word' id='word_1_69' title='bbox 482 1331 558 1390; x_wconf 85' lang='lat' dir='ltr'><strong>vitio</strong></span> <span class='ocrx_word' id='word_1_70' title='bbox 585 1331 676 1400; x_wconf 84' lang='lat' dir='ltr'><strong>vocis,</strong></span> <span class='ocrx_word' id='word_1_71' title='bbox 698 1334 760 1390; x_wconf 88' lang='lat' dir='ltr'><strong>tum</strong></span> <span class='ocrx_word' id='word_1_72' title='bbox 780 1333 869 1390; x_wconf 86' lang='lat' dir='ltr'><strong>etiam</strong></span> <span class='ocrx_word' id='word_1_73' title='bbox 892 1331 1013 1406; x_wconf 86' lang='lat' dir='ltr'><strong>ineptiis</strong></span> 
     </span>
     <span class='ocr_line' id='line_1_12' title="bbox 142 1428 1014 1506; baseline 0 -18"><span class='ocrx_word' id='word_1_74' title='bbox 142 1428 340 1496; x_wconf 68' lang='lat' dir='ltr'><strong>claudicabat,</strong></span> <span class='ocrx_word' id='word_1_75' title='bbox 379 1430 438 1488; x_wconf 85' lang='lat' dir='ltr'><strong>Hie</strong></span> <span class='ocrx_word' id='word_1_76' title='bbox 452 1431 628 1505; x_wconf 81' lang='lat' dir='ltr'>temporibus</span> <span class='ocrx_word' id='word_1_77' title='bbox 643 1431 738 1490; x_wconf 84' lang='lat' dir='ltr'><strong>flomit</strong></span> <span class='ocrx_word' id='word_1_78' title='bbox 745 1432 795 1500; x_wconf 86' lang='lat' dir='ltr'><strong>iis,</strong></span> <span class='ocrx_word' id='word_1_79' title='bbox 808 1431 921 1506; x_wconf 85' lang='lat' dir='ltr'><strong>quibus,</strong></span> <span class='ocrx_word' id='word_1_80' title='bbox 935 1431 1014 1488; x_wconf 84' lang='lat' dir='ltr'><strong>inter</strong></span> 
     </span>
     <span class='ocr_line' id='line_1_13' title="bbox 142 1527 1016 1605; baseline 0.002 -21"><span class='ocrx_word' id='word_1_81' title='bbox 142 1527 356 1601; x_wconf 78' lang='lat' dir='ltr'><strong>profectionem</strong></span> <span class='ocrx_word' id='word_1_82' title='bbox 374 1529 553 1605; x_wconf 73' lang='lat' dir='ltr'><strong>reditumque</strong></span> <span class='ocrx_word' id='word_1_83' title='bbox 575 1531 612 1588; x_wconf 78' lang='lat' dir='ltr'><strong>L.</strong></span> <span class='ocrx_word' id='word_1_84' title='bbox 627 1532 738 1598; x_wconf 77' lang='lat' dir='ltr'><strong>Sullae,</strong></span> <span class='ocrx_word' id='word_1_85' title='bbox 751 1530 815 1588; x_wconf 86' lang='lat' dir='ltr'><strong>sine</strong></span> <span class='ocrx_word' id='word_1_86' title='bbox 830 1530 898 1604; x_wconf 89' lang='lat' dir='ltr'><strong>jure</strong></span> <span class='ocrx_word' id='word_1_87' title='bbox 917 1530 971 1588; x_wconf 85' lang='lat' dir='ltr'><strong>luit</strong></span> <span class='ocrx_word' id='word_1_88' title='bbox 985 1533 1016 1586; x_wconf 86' lang='lat' dir='ltr'><strong>et</strong></span> 
     </span>
     <span class='ocr_line' id='line_1_14' title="bbox 136 1625 1018 1702; baseline 0.01 -24"><span class='ocrx_word' id='word_1_89' title='bbox 136 1625 213 1692; x_wconf 72' lang='lat' dir='ltr'><strong>¹siue</strong></span> <span class='ocrx_word' id='word_1_90' title='bbox 233 1627 295 1684; x_wconf 88' lang='lat' dir='ltr'><strong>ulla·</strong></span> <span class='ocrx_word' id='word_1_91' title='bbox 310 1627 451 1702; x_wconf 77' lang='lat' dir='ltr'><strong>dignitate</strong></span> <span class='ocrx_word' id='word_1_92' title='bbox 472 1629 645 1701; x_wconf 83' lang='lat' dir='ltr'><strong>respublica.</strong></span> <span class='ocrx_word' id='word_1_93' title='bbox 684 1627 705 1660; x_wconf 71' lang='lat'><strong>⁴⁰</strong></span> <span class='ocrx_word' id='word_1_94' title='bbox 720 1629 786 1686; x_wconf 84' lang='lat' dir='ltr'><strong>Hoc</strong></span> <span class='ocrx_word' id='word_1_95' title='bbox 807 1628 897 1686; x_wconf 88' lang='lat' dir='ltr'><strong>etiam</strong></span> <span class='ocrx_word' id='word_1_96' title='bbox 917 1633 1018 1686; x_wconf 85' lang='lat' dir='ltr'><strong>autem</strong></span> 
     </span>
     <span class='ocr_line' id='line_1_15' title="bbox 144 1723 1017 1800; baseline 0.001 -18"><span class='ocrx_word' id='word_1_97' title='bbox 144 1723 238 1799; x_wconf 78' lang='lat' dir='ltr'><strong>magis</strong></span> <span class='ocrx_word' id='word_1_98' title='bbox 260 1727 439 1798; x_wconf 85' lang='lat' dir='ltr'><strong>probabatur,</strong></span> <span class='ocrx_word' id='word_1_99' title='bbox 457 1728 534 1800; x_wconf 90' lang='lat' dir='ltr'><strong>quod</strong></span> <span class='ocrx_word' id='word_1_100' title='bbox 557 1731 620 1783; x_wconf 89' lang='lat' dir='ltr'><strong>erat</strong></span> <span class='ocrx_word' id='word_1_101' title='bbox 641 1729 678 1783; x_wconf 88' lang='lat' dir='ltr'><strong>ab</strong></span> <span class='ocrx_word' id='word_1_102' title='bbox 694 1725 854 1784; x_wconf 83' lang='lat' dir='ltr'><strong>oratoribus</strong></span> <span class='ocrx_word' id='word_1_103' title='bbox 874 1727 1017 1800; x_wconf 82' lang='lat' dir='ltr'><strong>quaedam</strong></span> 
     </span>
     <span class='ocr_line' id='line_1_16' title="bbox 144 1822 1018 1907; baseline 0.002 -27"><span class='ocrx_word' id='word_1_104' title='bbox 144 1822 176 1880; x_wconf 91' lang='lat' dir='ltr'><strong>in</strong></span> <span class='ocrx_word' id='word_1_105' title='bbox 198 1824 259 1888; x_wconf 77' lang='lat' dir='ltr'><strong>loro</strong></span> <span class='ocrx_word' id='word_1_106' title='bbox 280 1825 414 1882; x_wconf 88' lang='lat' dir='ltr'><strong>solitudo.</strong></span> <span class='ocrx_word' id='word_1_107' title='bbox 458 1824 605 1897; x_wconf 76' lang='lat' dir='ltr'><strong>Sulpicius</strong></span> <span class='ocrx_word' id='word_1_108' title='bbox 626 1826 786 1892; x_wconf 84' lang='lat' dir='ltr'><strong>occiderat,</strong></span> <span class='ocrx_word' id='word_1_109' title='bbox 800 1825 889 1882; x_wconf 80' lang='lat' dir='ltr'><strong>Cotta</strong></span> <span class='ocrx_word' id='word_1_110' title='bbox 906 1827 1018 1907; x_wconf 83' lang='lat' dir='ltr'><strong>aberat,</strong></span> 
     </span>
     <span class='ocr_line' id='line_1_17' title="bbox 143 1920 1020 1995; baseline -0.001 -16"><span class='ocrx_word' id='word_1_111' title='bbox 143 1926 176 1979; x_wconf 81' lang='lat' dir='ltr'><strong>et</strong></span> <span class='ocrx_word' id='word_1_112' title='bbox 200 1921 311 1978; x_wconf 83' lang='lat' dir='ltr'><strong>Curio:</strong></span> <span class='ocrx_word' id='word_1_113' title='bbox 346 1921 469 1977; x_wconf 80' lang='lat' dir='ltr'><strong>vivebat</strong></span> <span class='ocrx_word' id='word_1_114' title='bbox 490 1939 507 1976; x_wconf 90' lang='lat' dir='ltr'><strong>e</strong></span> <span class='ocrx_word' id='word_1_115' title='bbox 528 1921 646 1995; x_wconf 76' lang='lat' dir='ltr'><strong>reliquis</strong></span> <span class='ocrx_word' id='word_1_116' title='bbox 672 1921 811 1993; x_wconf 85' lang='lat' dir='ltr'><strong>patronis·</strong></span> <span class='ocrx_word' id='word_1_117' title='bbox 826 1922 887 1993; x_wconf 85' lang='lat' dir='ltr'><strong>ejus</strong></span> <span class='ocrx_word' id='word_1_118' title='bbox 915 1920 1020 1978; x_wconf 79' lang='lat' dir='ltr'><strong>aetatis</strong></span> 
     </span>
     <span class='ocr_line' id='line_1_18' title="bbox 143 2017 1022 2093; baseline -0.002 -16"><span class='ocrx_word' id='word_1_119' title='bbox 143 2035 247 2086; x_wconf 87' lang='lat' dir='ltr'><strong>nemo,</strong></span> <span class='ocrx_word' id='word_1_120' title='bbox 271 2021 386 2090; x_wconf 85' lang='lat' dir='ltr'><strong>praeter</strong></span> <span class='ocrx_word' id='word_1_121' title='bbox 412 2017 577 2074; x_wconf 78' lang='lat' dir='ltr'><strong>Carbonem</strong></span> <span class='ocrx_word' id='word_1_122' title='bbox 603 2022 633 2074; x_wconf 87' lang='lat' dir='ltr'><strong>et</strong></span> <span class='ocrx_word' id='word_1_123' title='bbox 660 2017 868 2089; x_wconf 85' lang='lat' dir='ltr'><strong>Pomponium:</strong></span> <span class='ocrx_word' id='word_1_124' title='bbox 903 2035 1022 2093; x_wconf 87' lang='lat' dir='ltr'><strong>qnorum</strong></span> 
     </span>
     <span class='ocr_line' id='line_1_19' title="bbox 145 2115 1075 2190; baseline -0.002 -14"><span class='ocrx_word' id='word_1_125' title='bbox 145 2121 302 2190; x_wconf 75' lang='lat' dir='ltr'><strong>utrumqne</strong></span> <span class='ocrx_word' id='word_1_126' title='bbox 326 2115 414 2174; x_wconf 80' lang='lat' dir='ltr'><strong>facile</strong></span> <span class='ocrx_word' id='word_1_127' title='bbox 432 2117 592 2188; x_wconf 78' lang='lat' dir='ltr'><strong>superabat.</strong></span> <span class='ocrx_word' id='word_1_128' title='bbox 633 2115 785 2176; x_wconf 73' lang='lat' dir='ltr'><strong>Inferioris</strong></span> <span class='ocrx_word' id='word_1_129' title='bbox 801 2120 897 2174; x_wconf 86' lang='lat' dir='ltr'><strong>autem</strong></span> <span class='ocrx_word' id='word_1_130' title='bbox 917 2115 1075 2182; x_wconf 73' lang='lat' dir='ltr'><strong>aetatisud</strong></span> 
     </span>
     <span class='ocr_line' id='line_1_20' title="bbox 149 2213 1022 2290; baseline 0 -16"><span class='ocrx_word' id='word_1_131' title='bbox 149 2219 214 2274; x_wconf 82' lang='lat' dir='ltr'><strong>erat</strong></span> <span class='ocrx_word' id='word_1_132' title='bbox 227 2213 376 2288; x_wconf 85' lang='lat' dir='ltr'><strong>proximus</strong></span> <span class='ocrx_word' id='word_1_133' title='bbox 390 2215 425 2274; x_wconf 84' lang='lat' dir='ltr'><strong>L.</strong></span> <span class='ocrx_word' id='word_1_134' title='bbox 443 2214 577 2284; x_wconf 84' lang='lat' dir='ltr'><strong>Sisenna,</strong></span> <span class='ocrx_word' id='word_1_135' title='bbox 591 2216 694 2274; x_wconf 86' lang='lat' dir='ltr'><strong>doctus</strong></span> <span class='ocrx_word' id='word_1_136' title='bbox 709 2213 763 2284; x_wconf 79' lang='lat' dir='ltr'><strong>vir,</strong></span> <span class='ocrx_word' id='word_1_137' title='bbox 783 2219 814 2274; x_wconf 89' lang='lat' dir='ltr'><strong>et</strong></span> <span class='ocrx_word' id='word_1_138' title='bbox 833 2215 934 2274; x_wconf 89' lang='lat' dir='ltr'><strong>studiis</strong></span> <span class='ocrx_word' id='word_1_139' title='bbox 948 2215 1022 2290; x_wconf 93' lang='lat' dir='ltr'><strong>opti·</strong></span> 
     </span>
     <span class='ocr_line' id='line_1_21' title="bbox 149 2313 1021 2390; baseline 0.002 -20"><span class='ocrx_word' id='word_1_140' title='bbox 149 2313 206 2370; x_wconf 89' lang='lat' dir='ltr'><strong>mis</strong></span> <span class='ocrx_word' id='word_1_141' title='bbox 219 2313 343 2390; x_wconf 82' lang='lat' dir='ltr'><strong>deditus,</strong></span> <span class='ocrx_word' id='word_1_142' title='bbox 356 2315 431 2372; x_wconf 89' lang='lat' dir='ltr'><strong>bene</strong></span> <span class='ocrx_word' id='word_1_143' title='bbox 445 2313 553 2372; x_wconf 83' lang='lat' dir='ltr'><strong>Latine</strong></span> <span class='ocrx_word' id='word_1_144' title='bbox 573 2315 702 2389; x_wconf 82' lang='lat' dir='ltr'><strong>loquens,</strong></span> <span class='ocrx_word' id='word_1_145' title='bbox 716 2329 820 2388; x_wconf 74' lang='lat' dir='ltr'><strong>gnarum</strong></span> <span class='ocrx_word' id='word_1_146' title='bbox 834 2314 1021 2387; x_wconf 83' lang='lat' dir='ltr'><strong>reipublicae,</strong></span> 
     </span>
     <span class='ocr_line' id='line_1_22' title="bbox 147 2411 1022 2487; baseline 0 -17"><span class='ocrx_word' id='word_1_147' title='bbox 147 2429 208 2470; x_wconf 88' lang='lat' dir='ltr'><strong>non</strong></span> <span class='ocrx_word' id='word_1_148' title='bbox 221 2411 286 2470; x_wconf 88' lang='lat' dir='ltr'><strong>sine</strong></span> <span class='ocrx_word' id='word_1_149' title='bbox 307 2411 440 2470; x_wconf 78' lang='lat' dir='ltr'><strong>facetiis:</strong></span> <span class='ocrx_word' id='word_1_150' title='bbox 461 2413 513 2470; x_wconf 87' lang='lat' dir='ltr'><strong>sed</strong></span> <span class='ocrx_word' id='word_1_151' title='bbox 527 2429 620 2487; x_wconf 81' lang='lat' dir='ltr'><strong>neque</strong></span> <span class='ocrx_word' id='word_1_152' title='bbox 642 2411 750 2472; x_wconf 84' lang='lat' dir='ltr'><strong>laboris</strong></span> <span class='ocrx_word' id='word_1_153' title='bbox 774 2412 936 2480; x_wconf 65' lang='lat' dir='ltr'><strong>multi-neo</strong></span> <span class='ocrx_word' id='word_1_154' title='bbox 951 2413 1022 2470; x_wconf 84' lang='lat' dir='ltr'><strong>satin</strong></span> 
     </span>
     <span class='ocr_line' id='line_1_23' title="bbox 150 2512 1022 2587; baseline 0 -18"><span class='ocrx_word' id='word_1_155' title='bbox 150 2517 282 2570; x_wconf 81' lang='lat' dir='ltr'><strong>versatus</strong></span> <span class='ocrx_word' id='word_1_156' title='bbox 297 2512 328 2570; x_wconf 93' lang='lat' dir='ltr'><strong>in</strong></span> <span class='ocrx_word' id='word_1_157' title='bbox 348 2513 462 2583; x_wconf 81' lang='lat' dir='ltr'><strong>causis3</strong></span> <span class='ocrx_word' id='word_1_158' title='bbox 482 2513 712 2587; x_wconf 77' lang='lat' dir='ltr'><strong>interjectusque</strong></span> <span class='ocrx_word' id='word_1_159' title='bbox 728 2513 804 2570; x_wconf 87' lang='lat' dir='ltr'><strong>inter</strong></span> <span class='ocrx_word' id='word_1_160' title='bbox 816 2513 888 2571; x_wconf 85' lang='lat' dir='ltr'><strong>duas</strong></span> <span class='ocrx_word' id='word_1_161' title='bbox 902 2518 1022 2580; x_wconf 86' lang='lat' dir='ltr'><strong>aetates,</strong></span> 
     </span>
     <span class='ocr_line' id='line_1_24' title="bbox 152 2609 1023 2686; baseline 0 -18"><span class='ocrx_word' id='word_1_162' title='bbox 152 2610 303 2668; x_wconf 84' lang='lat' dir='ltr'><strong>Hortensii</strong></span> <span class='ocrx_word' id='word_1_163' title='bbox 314 2615 347 2668; x_wconf 87' lang='lat' dir='ltr'><strong>et</strong></span> <span class='ocrx_word' id='word_1_164' title='bbox 361 2609 496 2683; x_wconf 84' lang='lat' dir='ltr'><strong>Sulpicii,</strong></span> <span class='ocrx_word' id='word_1_165' title='bbox 509 2627 565 2668; x_wconf 89' lang='lat' dir='ltr'><strong>neo</strong></span> <span class='ocrx_word' id='word_1_166' title='bbox 579 2612 718 2685; x_wconf 84' lang='lat' dir='ltr'><strong>majorem</strong></span> <span class='ocrx_word' id='word_1_167' title='bbox 739 2611 879 2686; x_wconf 74' lang='lat' dir='ltr'><strong>consequi</strong></span> <span class='ocrx_word' id='word_1_168' title='bbox 901 2615 1023 2684; x_wconf 86' lang='lat' dir='ltr'><strong>poteret,</strong></span> 
     </span>
     <span class='ocr_line' id='line_1_25' title="bbox 151 2709 1024 2782; baseline -0.002 -16"><span class='ocrx_word' id='word_1_169' title='bbox 151 2717 183 2768; x_wconf 87' lang='lat' dir='ltr'><strong>et</strong></span> <span class='ocrx_word' id='word_1_170' title='bbox 199 2709 304 2768; x_wconf 88' lang='lat' dir='ltr'><strong>minori</strong></span> <span class='ocrx_word' id='word_1_171' title='bbox 317 2725 440 2767; x_wconf 87' lang='lat' dir='ltr'><strong>necesse</strong></span> <span class='ocrx_word' id='word_1_172' title='bbox 453 2712 517 2766; x_wconf 84' lang='lat' dir='ltr'><strong>erat</strong></span> <span class='ocrx_word' id='word_1_173' title='bbox 529 2709 644 2766; x_wconf 85' lang='lat' dir='ltr'><strong>cedere.</strong></span> <span class='ocrx_word' id='word_1_174' title='bbox 686 2709 781 2782; x_wconf 82' lang='lat' dir='ltr'><strong>liujus</strong></span> <span class='ocrx_word' id='word_1_175' title='bbox 794 2709 891 2766; x_wconf 85' lang='lat' dir='ltr'><strong>omnis&#39;</strong></span> <span class='ocrx_word' id='word_1_176' title='bbox 902 2709 1024 2765; x_wconf 80' lang='lat' dir='ltr'><strong>lucullus</strong></span> 
     </span>
     <span class='ocr_line' id='line_1_26' title="bbox 154 2805 1024 2882; baseline -0.003 -17"><span class='ocrx_word' id='word_1_177' title='bbox 154 2827 193 2866; x_wconf 86' lang='lat' dir='ltr'><strong>ex</strong></span> <span class='ocrx_word' id='word_1_178' title='bbox 214 2808 337 2866; x_wconf 86' lang='lat' dir='ltr'><strong>historia</strong></span> <span class='ocrx_word' id='word_1_179' title='bbox 358 2807 448 2882; x_wconf 87' lang='lat' dir='ltr'><strong>ipsius</strong></span> <span class='ocrx_word' id='word_1_180' title='bbox 469 2805 595 2880; x_wconf 72' lang='lat' dir='ltr'><strong>perspici</strong></span> <span class='ocrx_word' id='word_1_181' title='bbox 617 2811 730 2880; x_wconf 89' lang='lat' dir='ltr'><strong>polest:</strong></span> <span class='ocrx_word' id='word_1_182' title='bbox 755 2823 828 2880; x_wconf 91' lang='lat' dir='ltr'><strong>quae</strong></span> <span class='ocrx_word' id='word_1_183' title='bbox 849 2823 916 2862; x_wconf 90' lang='lat' dir='ltr'><strong>cum</strong></span> <span class='ocrx_word' id='word_1_184' title='bbox 938 2805 1024 2862; x_wconf 80' lang='lat' dir='ltr'><strong>facile</strong></span> 
     </span>
     <span class='ocr_line' id='line_1_27' title="bbox 157 2903 1024 2984; baseline -0.002 -20"><span class='ocrx_word' id='word_1_185' title='bbox 157 2923 259 2964; x_wconf 91' lang='lat' dir='ltr'><strong>omnes</strong></span> <span class='ocrx_word' id='word_1_186' title='bbox 274 2904 375 2963; x_wconf 88' lang='lat' dir='ltr'><strong>vincat</strong></span> <span class='ocrx_word' id='word_1_187' title='bbox 383 2905 555 2984; x_wconf 77' lang='lat' dir='ltr'><strong>superiores,</strong></span> <span class='ocrx_word' id='word_1_188' title='bbox 570 2909 631 2962; x_wconf 88' lang='lat' dir='ltr'><strong>tum</strong></span> <span class='ocrx_word' id='word_1_189' title='bbox 643 2903 755 2960; x_wconf 86' lang='lat' dir='ltr'><strong>indicat</strong></span> <span class='ocrx_word' id='word_1_190' title='bbox 769 2909 877 2971; x_wconf 87' lang='lat' dir='ltr'><strong>tamen,-</strong></span> <span class='ocrx_word' id='word_1_191' title='bbox 887 2908 1024 2977; x_wconf 88' lang='lat' dir='ltr'><strong>quantum</strong></span> 
     </span>
     <span class='ocr_line' id='line_1_28' title="bbox 155 3001 1025 3078; baseline 0 -16"><span class='ocrx_word' id='word_1_192' title='bbox 155 3005 262 3062; x_wconf 85' lang='lat' dir='ltr'><strong>absita</strong></span> <span class='ocrx_word' id='word_1_193' title='bbox 281 3021 401 3072; x_wconf 88' lang='lat' dir='ltr'><strong>summo,</strong></span> <span class='ocrx_word' id='word_1_194' title='bbox 421 3021 562 3078; x_wconf 85' lang='lat' dir='ltr'><strong>quamque</strong></span> <span class='ocrx_word' id='word_1_195' title='bbox 583 3021 673 3076; x_wconf 85' lang='lat' dir='ltr'><strong>genus</strong></span> <span class='ocrx_word' id='word_1_196' title='bbox 694 3003 749 3058; x_wconf 86' lang='lat' dir='ltr'><strong>hoe</strong></span> <span class='ocrx_word' id='word_1_197' title='bbox 770 3001 934 3076; x_wconf 85' lang='lat' dir='ltr'><strong>scriptionis</strong></span> <span class='ocrx_word' id='word_1_198' title='bbox 955 3021 1025 3062; x_wconf 89' lang='lat' dir='ltr'><strong>non·</strong></span> 
     </span>
     <span class='ocr_line' id='line_1_29' title="bbox 156 3099 1023 3176; baseline 0 -16"><span class='ocrx_word' id='word_1_199' title='bbox 156 3105 224 3160; x_wconf 89' lang='lat' dir='ltr'><strong>dnm</strong></span> <span class='ocrx_word' id='word_1_200' title='bbox 246 3102 285 3159; x_wconf 86' lang='lat' dir='ltr'><strong>sit</strong></span> <span class='ocrx_word' id='word_1_201' title='bbox 307 3101 377 3159; x_wconf 90' lang='lat' dir='ltr'><strong>satis</strong></span> <span class='ocrx_word' id='word_1_202' title='bbox 401 3101 516 3159; x_wconf 85' lang='lat' dir='ltr'><strong>Latinis</strong></span> <span class='ocrx_word' id='word_1_203' title='bbox 541 3100 645 3160; x_wconf 87' lang='lat' dir='ltr'><strong>litteris</strong></span> <span class='ocrx_word' id='word_1_204' title='bbox 667 3099 847 3159; x_wconf 87' lang='lat' dir='ltr'><strong>illustratum.</strong></span> <span class='ocrx_word' id='word_1_205' title='bbox 890 3102 967 3160; x_wconf 90' lang='lat' dir='ltr'><strong>Nam</strong></span> <span class='ocrx_word' id='word_1_206' title='bbox 987 3105 1023 3176; x_wconf 77' lang='lat' dir='ltr'><strong>Q.</strong></span> 
     </span>
     <span class='ocr_line' id='line_1_30' title="bbox 158 3198 1026 3274; baseline -0.003 -13"><span class='ocrx_word' id='word_1_207' title='bbox 158 3199 310 3261; x_wconf 85' lang='lat' dir='ltr'><strong>Hortensii</strong></span> <span class='ocrx_word' id='word_1_208' title='bbox 322 3201 475 3258; x_wconf 85' lang='lat' dir='ltr'><strong>admodum</strong></span> <span class='ocrx_word' id='word_1_209' title='bbox 486 3199 679 3258; x_wconf 87' lang='lat' dir='ltr'><strong>adolescentis</strong></span> <span class='ocrx_word' id='word_1_210' title='bbox 690 3198 848 3274; x_wconf 80' lang='lat' dir='ltr'><strong>ingenium,</strong></span> <span class='ocrx_word' id='word_1_211' title='bbox 858 3206 891 3258; x_wconf 91' lang='lat' dir='ltr'><strong>ut</strong></span> <span class='ocrx_word' id='word_1_212' title='bbox 902 3199 1026 3259; x_wconf 84' lang='lat' dir='ltr'><strong>Phidiae</strong></span> 
     </span>
     <span class='ocr_line' id='line_1_31' title="bbox 158 3299 1026 3374; baseline 0 -18"><span class='ocrx_word' id='word_1_213' title='bbox 158 3300 284 3374; x_wconf 81' lang='lat' dir='ltr'><strong>signum,</strong></span> <span class='ocrx_word' id='word_1_214' title='bbox 305 3299 391 3356; x_wconf 88' lang='lat' dir='ltr'><strong>simul</strong></span> <span class='ocrx_word' id='word_1_215' title='bbox 415 3299 582 3372; x_wconf 79' lang='lat' dir='ltr'><strong>adspectum</strong></span> <span class='ocrx_word' id='word_1_216' title='bbox 603 3305 634 3358; x_wconf 88' lang='lat' dir='ltr'><strong>et</strong></span> <span class='ocrx_word' id='word_1_217' title='bbox 655 3301 805 3373; x_wconf 87' lang='lat' dir='ltr'><strong>probatum</strong></span> <span class='ocrx_word' id='word_1_218' title='bbox 827 3306 880 3357; x_wconf 87' lang='lat' dir='ltr'><strong>est.</strong></span> <span class='ocrx_word' id='word_1_219' title='bbox 926 3301 967 3368; x_wconf 87' lang='lat' dir='ltr'><strong>Is,</strong></span> <span class='ocrx_word' id='word_1_220' title='bbox 989 3301 1026 3357; x_wconf 86' lang='lat' dir='ltr'><strong>L.</strong></span> 
     </span>
    </p>
   </div>
   <div class='ocr_carea' id='block_1_3' title="bbox 153 3449 1027 3574">
    <p class='ocr_par' dir='ltr' id='par_1_3' title="bbox 153 3449 1027 3574">
     <span class='ocr_line' id='line_1_32' title="bbox 185 3449 1027 3513; baseline -0.004 -13"><span class='ocrx_word' id='word_1_221' title='bbox 185 3453 207 3488; x_wconf 80' lang='lat'><strong>⁴⁰</strong></span> <span class='ocrx_word' id='word_1_222' title='bbox 222 3453 274 3500; x_wconf 81' lang='lat' dir='ltr'><strong>Hoc</strong></span> <span class='ocrx_word' id='word_1_223' title='bbox 287 3451 352 3500; x_wconf 64' lang='lat' dir='ltr'><strong>strum</strong></span> <span class='ocrx_word' id='word_1_224' title='bbox 367 3457 442 3498; x_wconf 80' lang='lat' dir='ltr'><strong>nutam</strong></span> <span class='ocrx_word' id='word_1_225' title='bbox 451 3453 494 3513; x_wconf 88' lang='lat' dir='ltr'><strong>m.]</strong></span> <span class='ocrx_word' id='word_1_226' title='bbox 524 3453 575 3501; x_wconf 85' lang='lat' dir='ltr'><strong>Hoc</strong></span> <span class='ocrx_word' id='word_1_227' title='bbox 591 3455 709 3501; x_wconf 86' lang='lat' dir='ltr'><strong>admodum</strong></span> <span class='ocrx_word' id='word_1_228' title='bbox 724 3455 802 3501; x_wconf 91' lang='lat' dir='ltr'><strong>durum</strong></span> <span class='ocrx_word' id='word_1_229' title='bbox 813 3461 847 3500; x_wconf 88' lang='lat' dir='ltr'><strong>est</strong></span> <span class='ocrx_word' id='word_1_230' title='bbox 862 3452 951 3498; x_wconf 78' lang='lat' dir='ltr'><strong>auribus</strong></span> <span class='ocrx_word' id='word_1_231' title='bbox 965 3449 1027 3502; x_wconf 78' lang='lat' dir='ltr'><strong>meis.</strong></span> 
     </span>
     <span class='ocr_line' id='line_1_33' title="bbox 153 3511 1016 3574; baseline -0.008 -12"><span class='ocrx_word' id='word_1_232' title='bbox 153 3512 291 3562; x_wconf 80' lang='lat' dir='ltr'><strong>alterutrum</strong></span> <span class='ocrx_word' id='word_1_233' title='bbox 299 3511 432 3572; x_wconf 77' lang='lat' dir='ltr'><strong>deleverim,</strong></span> <span class='ocrx_word' id='word_1_234' title='bbox 443 3511 542 3573; x_wconf 81' lang='lat' dir='ltr'><strong>inprimis</strong></span> <span class='ocrx_word' id='word_1_235' title='bbox 551 3518 639 3562; x_wconf 80' lang='lat' dir='ltr'><strong>autem:</strong></span> <span class='ocrx_word' id='word_1_236' title='bbox 654 3513 697 3562; x_wconf 84' lang='lat' dir='ltr'><strong>uisi</strong></span> <span class='ocrx_word' id='word_1_237' title='bbox 706 3513 758 3562; x_wconf 85' lang='lat' dir='ltr'><strong>luit:</strong></span> <span class='ocrx_word' id='word_1_238' title='bbox 775 3512 900 3561; x_wconf 77' lang='lat' dir='ltr'><strong>Haeetinm</strong></span> <span class='ocrx_word' id='word_1_239' title='bbox 910 3521 991 3574; x_wconf 49' lang='lat' dir='ltr'><strong>moso„</strong></span> <span class='ocrx_word' id='word_1_240' title='bbox 1014 3565 1016 3572; x_wconf 25' lang='grc' dir='ltr'>Ι</span> 
     </span>
    </p>
   </div>
   <div class='ocr_carea' id='block_1_4' title="bbox 0 0 1267 4184">
    <p class='ocr_par' dir='ltr' id='par_1_4' title="bbox 0 0 1267 4184">
     <span class='ocr_line' id='line_1_34' title="bbox 0 0 1267 4184; baseline 0 0"><span class='ocrx_word' id='word_1_241' title='bbox 0 0 1267 4184; x_wconf 95' lang='lat' dir='ltr'><strong> </strong></span> 
     </span>
    </p>
   </div>
  </div>
 </body>
</html>
