2444 4194
402 301 405 308 ι
488 311 630 376 oithl'oh.
934 332 993 396 137

167 471 294 548 Semper
305 475 450 534 antonem
463 473 645 550 eloquentiae
664 475 839 540 moderatrix
851 475 904 534 luit
916 477 1024 554 audi-g

127 574 220 631 torum
235 571 398 646 prudentia.
441 573 549 630 Omnes
571 573 660 642 enim,
680 573 729 648 qui
749 575 863 648 probari
886 578 995 644 volunt,

127 673 310 728 voluntatem
324 689 430 740 eorum,
442 671 492 748 qui
502 671 632 740 audiunt,
645 672 803 740 intuentur,
816 673 855 729 ad
868 689 997 746 eamque,

116 773 157 825 et
171 771 209 826 ad
228 787 327 827 eorum
347 770 497 827 arbitrium
517 776 548 827 et
568 777 668 830 nutum
688 776 763 828 totos
783 789 816 828 se
836 771 950 844 lingunt
968 775 998 828 et

126 871 360 928 accommodant.
402 870 504 944 ltaque
525 869 621 937 (laria,
635 873 666 928 et
685 869 824 944 Phrygia,
844 877 874 926 et
889 869 998 943 Mysia,

127 969 204 1044 quod
218 967 338 1026 minime
359 968 477 1041 politae,
492 967 668 1042 minimeque
688 970 838 1042 elegantes
859 973 935 1036 sunt,
949 968 998 1024 ad·

126 1067 278 1128 sciverunt
298 1072 397 1141 aptum
420 1067 479 1124 suis
504 1066 619 1123 auribus
641 1065 768 1139 opimum
792 1067 943 1139 quoddam,
968 1070 999 1123 et
1097 1100 1101 1112 ι

125 1162 147 1199 ¹¹
156 1170 294 1240 tanquam
304 1165 438 1238 adipatae
449 1164 587 1222 dictionis
597 1182 698 1238 genus,
708 1165 784 1238 quod
794 1181 893 1220 eorum
904 1162 998 1221 vieIni

126 1255 202 1340 (non
215 1264 258 1322 ita
270 1265 331 1324 lato
351 1263 506 1336 interjeeto
528 1259 614 1340 mari)
628 1262 736 1320 Rhodii
759 1279 913 1335 numquam
935 1279 996 1334 pro·

125 1363 280 1430 naverunt,
294 1361 404 1420 Graeci
417 1362 509 1419 multo
520 1361 623 1428 minus,
640 1361 835 1418 Athenienses
850 1377 920 1418 vero
933 1360 995 1420 lun·

124 1461 205 1518 ditus
220 1459 457 1534 repudiaverunt:
477 1478 594 1536 quorum
608 1478 721 1533 semper
733 1460 787 1518 luit
801 1461 923 1534 prudens
937 1459 994 1516 sin·

124 1576 285 1634 aerumque
292 1559 444 1631 judicium,
456 1559 527 1617 nihil
539 1566 570 1617 ut
584 1564 710 1634 possent,
721 1559 778 1617 nisi
788 1559 993 1632 incorruptum,

121 1658 236 1725 audire,
246 1662 276 1714 et
287 1661 412 1732 elegans.
426 1677 523 1716 eorum
534 1659 668 1733 religioni
679 1676 745 1716 oum
757 1657 878 1714 serviret
888 1662 992 1725 orator,

121 1759 238 1816 nullum
252 1759 371 1814 verbum
392 1757 530 1825 insolens,
545 1759 654 1814 nullum
674 1756 806 1812 odiosum
826 1773 932 1827 ponere
946 1773 993 1813 arr·

125 1857 224 1916 debat.
266 1857 367 1930 ltaque
382 1856 439 1924 hio,
452 1873 538 1930 quem
549 1855 725 1928 praestitisse
737 1853 865 1911 diximus
879 1853 994 1922 ueteris,

124 1956 156 2016 iu
172 1955 225 2012 illa
238 1972 289 2028 pro
302 1954 495 2024 Ctesiphonte
508 1953 638 2008 oratione
652 1954 738 2024 longe
752 1953 870 2024 optima,
889 1949 911 1980 ¹²
921 1967 994 2008 sum·

125 2055 233 2114 missus
257 2068 274 2107 a
296 2049 405 2124 primur
434 2048 550 2117 deinde,
571 2051 639 2106 dum
660 2050 698 2106 de
720 2047 832 2122 legibus
859 2047 993 2119 disputat,

123 2168 258 2230 pressus:
280 2154 343 2222 post
358 2147 465 2204 sensim
478 2147 626 2215 incedens,
634 2145 750 2220 judiees
764 2151 794 2202 ut
807 2145 881 2202 vidit
894 2146 995 2202 arden·

123 2259 179 2318 tes,
192 2253 225 2309 in
239 2248 355 2324 reliquis
377 2247 537 2306 exsultavit
557 2247 703 2304 audacius.
745 2246 794 2304 Ae
815 2251 912 2302 tamen
933 2243 991 2303 ¹³in

125 2352 182 2409 hoe
206 2349 279 2422 ipso,
300 2347 455 2421 diligenter
476 2346 661 2404 examinante
686 2347 838 2403 verborum
862 2345 990 2402 omnium

125 2450 263 2525 pondera,
276 2445 460 2518 reprehendit
475 2445 639 2502 Aeschines
658 2441 678 2474 ¹⁴
686 2445 836 2518 quaedum,
849 2449 879 2498 et
892 2442 989 2516 exagi-

125 2555 183 2620 tat3
217 2547 407 2618 illudensque,
438 2539 538 2610 ¹⁵dira‚
567 2543 677 2609 odiosa,
707 2540 903 2598 intolerabilia
926 2557 990 2598 esse

154 2703 174 2736 ιι
189 2706 294 2761 mum
307 2693 408 2756 natm
425 2689 528 2742 amatr
539 2694 629 2753 ganas]
664 2693 724 2740 ude.
743 2696 799 2740 vett.
819 2689 914 2751 numu,
931 2691 991 2754 quot

124 2761 225 2810 defendit
235 2758 368 2815 Strebseus3
384 2755 482 2823 mihique
492 2753 560 2811 magis
574 2753 654 2814 planet,
665 2753 716 2813 quia
730 2753 760 2798 ad
770 2761 838 2810 mnus
848 2753 916 2798 dehet
924 2751 992 2812 perti·

123 2815 426 2872 hereverbum,utalterum
435 2823 541 2868 opimum.
979 2819 981 2826 ’

154 2899 177 2932 ¹²
191 2893 319 2947 muriano
332 2909 347 2939 a
360 2892 440 2949 prino
455 2889 535 2936 Made
549 2913 559 2923 -
573 2915 582 2922 -
594 2889 700 2992 montnp
731 2887 768 2934 Sic
784 2887 831 2934 rins
845 2884 992 2955 haesitatione

114 2956 235 3004 'edidimus
254 2969 296 3016 pro
305 2951 443 3000 summissius
458 2954 482 2994 et
494 2947 598 3004 monus,
612 2947 671 3007 quod
696 2945 784 2993 atinitas
800 2955 845 2990 non
860 2948 952 3005 palatiu,
968 2951 993 2990 et

123 3019 201 3064 natum
211 3018 247 3060 est
256 3028 282 3059 ea
297 3012 375 3058 ultimo
383 3008 498 3061 andedos,
509 3005 543 3052 eui
555 3007 608 3051 haee
618 3009 668 3051 sunt
677 3019 718 3066 per
731 3003 839 3050 inscitiam
848 3003 991 3061 eonformats,

126 3089 179 3122 mm
187 3072 245 3120 nihil
255 3070 354 3118 habeant
362 3064 519 3138 conjunctionis
528 3079 577 3111 eum
587 3064 655 3110 verbo
665 3064 788 3111 aarum.

155 3151 218 3208 uin
234 3150 273 3196 hac
285 3150 330 3205 ipa
344 3171 354 3181 ·
367 3173 378 3181 -
392 3144 538 3215 ezpntinnnte,
554 3141 740 3248 eloquiis-edd.
752 3157 786 3212 pr:
802 3145 826 3188 et
835 3141 895 3202 Lips.
912 3153 991 3204 exque

127 3216 179 3272 post
188 3210 247 3256 male
257 3209 338 3254 lienum
348 3217 490 3251 mamanensi
504 3203 571 3262 rdque
580 3217 594 3246 a
636 3216 673 3246 vro
682 3215 705 3248 m
715 3205 853 3270 sannunante
861 3205 990 3258 conectam,

125 3271 189 3316 velut
202 3283 242 3329 per
250 3266 405 3324 wnjecturam.
437 3261 469 3307 Et
477 3261 517 3308 ille
527 3259 624 3306 hahebat
632 3260 656 3307 in
666 3260 765 3306 munrhus
774 3260 809 3305 ed.
821 3261 887 3306 Rom.
898 3264 922 3305 et
932 3259 989 3306 Ven.

125 3341 183 3388 quae
200 3323 339 3372 matinanta
349 3320 439 3368 habeut
469 3319 585 3379 Pugnant
593 3333 617 3364 se
631 3318 726 3376 jactavit
735 3325 826 3376 temere,
837 3324 876 3365 aut
885 3319 908 3366 h.
919 3317 935 3364 1.
947 3331 991 3364 non

123 3384 220 3448 inspexit
230 3383 304 3430 libros.

155 3472 177 3505 ¹⁴
190 3471 304 3532 modum]
321 3483 400 3530 nempe
409 3465 494 3528 tropina
506 3464 583 3522 verba,
593 3469 618 3512 ut
631 3473 796 3528 sumamma,
814 3469 936 3521 summm
960 3469 992 3503 aa

124 3547 240 3595 musra,
260 3532 385 3595 tanquan
400 3545 468 3597 ruge,
485 3539 645 3595 papaqgmt,
660 3525 745 3584 βελοναε
759 3527 847 3592 helgas

152 3615 173 3648 ¹⁵
186 3616 246 3672 dira,
260 3614 351 3675 odium]
382 3611 464 3672 Vulgg.
480 3610 547 3668 dura,
564 3614 589 3654 ut
608 3608 643 3654 ed.
654 3607 719 3654 Rom.
731 3605 791 3666 In‘ps.
803 3609 828 3652 at
843 3604 896 3650 dita
905 3603 993 3646 ame

166 3690 236 3736 voa.
259 3693 306 3732 nr.
546 3671 582 3725 13
625 3745 629 3755 „
