2460 4184
424 375 425 378 ,
516 331 650 382 neurus.
962 341 1003 400 95

136 481 254 550 Brutus,
269 480 387 549 Amiee,
400 481 526 548 heraute,
540 481 643 556 inquit,
657 485 687 538 et
700 479 853 555 magnifiee
866 488 895 540 te
908 483 1004 542 teada-

137 585 198 636 tum
210 585 291 653 puto,
312 597 398 654 quem
416 597 476 637 non
488 583 582 638 sotum
595 580 760 654 prinoipem
772 585 859 654 atque
873 581 1004 641 inventu

136 693 198 735 rem
209 678 313 752 aopiae
326 677 443 746 dixerit,
456 697 529 753 quae
543 683 605 737 erat
624 697 730 753 magna
756 681 828 747 laus,
842 680 893 737 sed
917 678 1006 736 stium

136 777 213 834 hene
226 776 360 834 meritum
374 778 412 835 de
430 777 528 852 pupuli
543 779 669 836 Romani
682 778 800 836 numine
814 781 844 835 et
853 777 1005 851 dignitate.

137 891 194 948 quo
204 875 284 932 euim
293 893 353 932 uno
364 875 672 935 vincebamuravieta
681 877 816 944 Graecia,
826 877 857 934 id
867 880 919 934 aut
927 891 1007 948 erep·
1051 925 1054 932 .

137 977 198 1030 tum
211 973 270 1030 illia
284 979 337 1041 ast,
348 977 398 1030 aut
410 979 490 1032 uerte
504 974 588 1032 nubis
601 991 668 1032 eum
681 975 740 1032 ittis
750 973 1005 1034 communicatum.

138 1071 225 1130 Hauc
248 1075 355 1139 autem·
379 1071 482 1146 inquit,
503 1073 634 1146 gloriam,
663 1071 914 1146 testimoniumque
930 1073 1005 1130 (iaa-

137 1169 218 1238 saris,
230 1167 252 1201 ⁶²
266 1175 332 1228 tuae
341 1169 462 1244 quidem
476 1169 682 1244 supplicationi
699 1188 767 1238 non,
790 1172 842 1228 sed
855 1169 1006 1243 triumphis

136 1271 291 1327 multorum
300 1272 458 1340 antepono.
488 1269 528 1325 Et
541 1273 620 1326 recte
631 1269 755 1343 quidem,
762 1268 889 1344 inquam,
901 1270 1003 1328 Brute:

134 1369 223 1424 modo
236 1367 275 1424 sit
288 1368 345 1423 hou
359 1365 493 1424 Caesaris
497 1367 614 1438 judicii,
625 1383 685 1424 non
696 1367 914 1424 benivolentiae
925 1369 1005 1426 testi·

135 1465 278 1537 monium.
291 1467 354 1537 plus
374 1465 453 1522 euim
478 1470 557 1522 uerte
570 1466 670 1524 attulit
681 1466 749 1524 huia
762 1468 869 1540 pupulo
880 1466 1004 1540 dignita·

79 1623 83 1631 ,
136 1563 189 1630 tis,
203 1562 329 1637 quisquis
343 1563 456 1631 ustitia,
470 1564 495 1620 si
511 1565 597 1623 modo
605 1571 655 1622 est
667 1564 780 1639 aliquis,
790 1563 840 1638 qui
853 1581 912 1622 non
924 1565 1013 1622 tuus·

76 1641 82 1653 ’
134 1658 228 1719 travit
249 1661 412 1728 modused
435 1663 524 1721 etiarn
538 1663 638 1735 genuit
658 1663 690 1720 in
711 1663 767 1719 hac
788 1663 857 1720 urbe
884 1662 1004 1720 dicendi

134 1759 261 1833 cupium,
283 1777 367 1834 quam
380 1760 434 1828 itti,
451 1759 502 1834 qui
524 1761 661 1834 Ligurum
681 1745 803 1816 castella
818 1777 1005 1834 expugnave-

135 1863 218 1916 runt:
229 1877 267 1916 ex
278 1859 380 1932 quibus
391 1857 475 1915 mutti
485 1863 561 1924 snut,
574 1863 606 1914 ut
616 1858 706 1925 saitis,
717 1857 862 1931 triumphi.
891 1859 1004 1916 Vemm

134 1956 255 2032 quidem
268 1956 294 2012 si
306 1955 407 2011 audire
421 1957 564 2020 volumus,
576 1956 702 2012 amissis·
725 1956 784 2012 illis
807 1955 917 2012 divinis
937 1972 1006 2014 auu·

134 2053 223 2120 siliis,
237 2051 339 2126 quihus
353 2067 441 2123 saepe
455 2051 612 2108 constituta
623 2056 667 2107 est
680 2051 883 2124 imperatorum
895 2053 1007 2126 sapien·

134 2152 179 2210 tia
193 2152 271 2208 salus
297 2149 428 2208 civitatis
450 2152 500 2206 aut
514 2148 593 2216 belii,
617 2153 666 2206 aut
680 2149 778 2219 domir
799 2151 889 2208 muita
913 2151 1005 2226 magis

135 2254 232 2308 arator
259 2252 386 2322 praestat
409 2246 529 2305 minutis
555 2247 781 2322 imperatoribus.
823 2248 867 2306 At
890 2251 1006 2323 prodest

136 2351 200 2422 ptus
214 2347 377 2422 imperator.
420 2345 492 2418 Quis
506 2343 613 2420 negat?
632 2347 684 2404 sed
697 2351 805 2416 tamen,
818 2342 892 2425 (non
906 2353 1005 2408 metuo

137 2464 176 2504 ne
189 2445 261 2504 mihi
281 2445 467 2503 acclametis:
489 2450 534 2502 est
555 2449 652 2502 autem
665 2446 741 2518 quud
754 2445 872 2513 sentius,
886 2447 1007 2509 dicandi

138 2542 333 2622 tibertuunsr)
359 2542 459 2602 malim
481 2543 554 2600 mihi
574 2543 611 2601 L,
641 2543 739 2600 Crassi
762 2560 850 2600 unam
874 2560 927 2616 pru
951 2541 1004 2602 Μ’.

139 2639 229 2703 Curio
245 2644 416 2709 dictionem,
432 2657 518 2715 quam
541 2641 716 2698 numatianus
744 2641 902 2714 triumphos
922 2641 1004 2700 duas.

140 2743 182 2801 At
195 2745 258 2816 ptus
269 2739 400 2799 interfuit
413 2737 600 2811 reipublicae,
613 2739 763 2795 castellum
777 2739 844 2811 cepi
857 2738 1006 2812 Ligurum,

139 2841 312 2915 quambene
329 2837 448 2896 defendi
462 2849 580 2895 causam
599 2834 651 2892 Μ’.
666 2835 757 2892 Curii.
798 2836 904 2892 Credo.
946 2835 1006 2898 Sed

105 2935 106 2940 ’
140 2938 365 2996 Atheniensium
389 2951 502 3010 quoque
521 2935 585 3007 ptus
612 2931 742 2991 interfuit
768 2932 851 2988 firma
873 2935 951 2989 teuta
973 2932 1004 2990 in

138 3035 294 3112 domiaiiiis
304 3097 305 3102 1
317 3035 432 3101 hahere,
456 3050 542 3108 quam
564 3031 718 3106 Minervae
740 3029 853 3104 signum
866 3047 906 3088 ex
918 3032 1004 3092 ebore

84 3146 86 3152 ·
138 3133 356 3208 pulcerrimum
383 3138 480 3189 tamen
501 3147 558 3206 ego
576 3147 623 3188 ma
645 3127 779 3186 Phidiam
792 3147 855 3186 essa
876 3133 1003 3202 mallem,
1076 3127 1080 3136 '

239 3241 254 3256 N

166 3283 1004 3404 ⁶⁰“dinitidaiip'iiiit'iti'ihidiaiihhiiiffltiffli

138 3345 202 3464 hhhh
211 3403 366 3464 pratulitrwn,
381 3401 409 3446 de
418 3405 456 3448 eto
469 3405 553 3449 sutum.-
568 3402 626 3463 quod
642 3400 665 3448 in
679 3401 731 3448 edd.
747 3395 868 3462 receptum.
899 3401 944 3448 Sed
958 3415 1004 3446 uara

138 3465 193 3522 puto
202 3475 250 3508 esse
262 3462 337 3508 alienu
346 3461 403 3516 locu,
413 3460 605 3522 scribendumque:
620 3475 666 3506 sun
675 3465 727 3507 tuas
740 3459 828 3523 quidam
839 3457 1003 3524 supptimtiapi,

137 3520 175 3624 hid
164 3525 216 3626 agl]
217 3535 253 3626 tzur
262 3536 290 3626 f),
291 3519 365 3625 effi
366 3522 399 3624 est
407 3517 474 3582 plane
484 3523 508 3567 et
517 3522 626 3568 structura
634 3521 658 3566 et
667 3533 730 3568 sensu
739 3517 835 3577 elegam.
846 3517 936 3564 miiitiae
945 3527 1006 3561 eurus
