2474 4188
487 375 624 430 illimus.
731 409 734 416 .
949 385 990 448 41

117 527 306 604 eloquentiae
320 527 435 588 dicitur.
469 528 634 604 Iisdemque
648 526 824 602 temporibus
836 527 874 586 L.
888 527 992 586 l'urius

121 623 224 686 Philus
240 631 367 703 perbene
378 629 485 687 Latine
499 629 577 704 loqui
598 631 761 702 putabatur,
776 625 996 702 litteratiusque,

118 743 206 802 quarn
227 729 330 786 ceteri.
372 729 406 785 P.
429 729 575 785 Scaevola
588 729 675 784 valde
689 727 846 802 prudenter
858 731 890 782 et
903 730 997 794 acute,

119 829 219 900 paullo
243 827 334 885 etium
347 827 510 901 copiosius:
541 845 597 884 nec
618 829 709 884 multo
733 826 828 884 minus
843 826 998 900 prudenter

122 924 165 984 Μ.
180 926 334 984 Manilius.
389 926 482 1001 Appii
506 926 625 985 Claudii
648 925 796 993 volubilis,
820 926 872 982 sed
899 925 998 1000 paulin
1108 945 1117 960 =

116 1021 264 1082 fervidior
286 1029 348 1083 erut
370 1026 472 1083 oratio.
514 1027 550 1083 ln
563 1025 660 1100 aliquo
689 1041 809 1081 numero
834 1024 924 1081 etiarn
953 1022 997 1080 M.

121 1123 401 1192 Fulviusillurcus,
424 1124 513 1182 etC.
528 1125 604 1182 (luto
628 1122 763 1182 Africani
784 1121 890 1180 sororis
901 1121 999 1219 lilim,

122 1221 290 1280 mediocres
308 1205 455 1292 oratores,
486 1222 542 1280 etsi
556 1221 661 1280 Flacci
673 1222 782 1296 scriptu
799 1225 876 1290 sunt,
894 1223 948 1278 sed
967 1224 1000 1278 ut

118 1322 245 1380 studiosi
259 1323 427 1381 litterarum.
469 1319 573 1380 Flacci
587 1321 870 1380 sutemaemulusl'.
886 1319 998 1378 Decius

116 1419 183 1489 t'uit,
198 1439 261 1479 non
275 1421 371 1479 inians
392 1420 443 1478 ille
457 1421 582 1496 quidem,
596 1422 648 1478 sed
662 1425 694 1479 nt
715 1421 787 1490 vitu,
808 1420 852 1478 sic
865 1419 997 1478 oratione

116 1518 215 1578 eliam
230 1521 419 1578 turbulentus.
461 1519 504 1577 M.
520 1521 642 1589 Drusus,
652 1519 689 1577 0.
699 1519 735 1578 F.
746 1519 835 1595 quiin
851 1519 998 1577 tribunatu

119 1615 159 1674 (l.
176 1617 352 1688 Gracchum,
367 1620 519 1694 collegam,
530 1617 552 1652 ‘⁵
563 1620 667 1676 iterum
688 1619 843 1686 tribunum,
856 1618 936 1686 lecit,
951 1619 999 1678 vir

117 1719 151 1772 et
165 1716 299 1775 oratione
312 1719 421 1792 gravis,
435 1723 466 1774 et
486 1718 676 1788 auctoritate,
700 1717 784 1794 eique
798 1717 928 1792 proxime
949 1719 998 1776 ad·

111 1811 237 1886 junctus
260 1816 296 1874 G.
318 1818 429 1874 Drusus
450 1817 538 1874 irater
551 1816 615 1874 luit
657 1817 740 1874 Tuus
764 1816 855 1874 etism
869 1817 999 1892 gentilis,

119 1913 225 1982 Brute,
254 1913 298 1970 M.
319 1913 438 1971 Pennus
467 1915 554 1972 facile
575 1914 700 1990 agitarit
726 1915 759 1975 in
788 1915 936 1972 tribunatu
961 1915 998 1971 G.

117 2011 306 2078 Gracchum,
318 2013 445 2083 paullum
455 2015 551 2067 aetate
561 2013 749 2068 snieoedcns.
782 2011 852 2068 Fuit
864 2011 945 2068 enirn
955 2011 998 2068 M.

116 2108 243 2182 Lepido
256 2113 285 2166 ct
308 2107 343 2166 1..
369 2109 473 2166 Oreste
495 2109 661 2165 consulibus
684 2113 818 2184 quaestor
838 2108 1000 2178 damnus,

119 2208 256 2265 tribunus
279 2207 409 2275 Pennus,
423 2203 500 2264 illius
517 2207 559 2265 M.
584 2207 668 2276 filius,
691 2208 741 2284 qni
764 2223 832 2266 curn
847 2209 884 2282 Q.
910 2210 1001 2268 Aelio

118 2309 225 2365 uunsul
236 2307 306 2364 luit:
320 2307 372 2364 sed
381 2307 481 2364 omnia
494 2307 518 2364 is
529 2325 639 2365 summa
648 2323 777 2382 sperans,
790 2308 941 2367 aedilicius
952 2314 999 2368 ssi

120 2414 259 2465 mortuus.
296 2407 375 2464 Num
397 2407 434 2463 de
450 2407 490 2464 Τ.
519 2405 696 2476 Flaminino,
720 2425 806 2482 quem
833 2408 895 2482 ipsc
923 2408 998 2476 viui,

121 2505 196 2563 nihil
207 2505 321 2578 accepi,
332 2505 389 2562 nisi
403 2506 510 2564 Latine
524 2505 679 2580 diligenter
689 2508 827 2563 locutum.

161 2605 202 2663 lis
217 2604 349 2678 adjuncti
361 2608 430 2660 sunt
441 2605 476 2661 C.
491 2604 589 2672 Curio,
601 2604 643 2660 M.
660 2605 795 2673 Scunrns,
814 2605 848 2662 Ρ.
859 2603 995 2674 Rutilius,
1009 2617 1051 2678 29

122 2699 159 2758 0.
179 2703 342 2759 Gracchus.
385 2703 433 2758 De
459 2701 568 2758 Scauro
589 2707 619 2758 et
646 2702 757 2760 Rutilio
777 2703 905 2761 breviter
924 2705 999 2762 licet

121 2798 230 2869 dicere,
243 2815 362 2875 qnorum
377 2801 480 2856 neuter
489 2799 593 2855 summi
612 2799 732 2856 oratoris
743 2801 844 2858 hebuit
864 2795 1000 2864 lundens:

122 2893 182 2955 “et
195 2905 316 2973 uterque
336 2899 366 2956 in
385 2898 482 2968 multis
505 2897 600 2954 causis
621 2901 752 2954 versatus
776 2902 847 2954 erut.
888 2899 926 2956 ln
941 2899 1001 2974 qni»

126 2995 246 3054 busdam
266 2997 417 3054 lernlsndis
437 2993 517 3063 viris,
531 2994 647 3053 etiamsi
668 2995 790 3053 maximi
809 2995 920 3072 ingenii
939 3013 999 3060 non

122 3101 217 3152 essent
220 3093 398 3169 ,probabilis
412 3084 510 3153 tame'n
524 3093 684 3152 industria:
698 3109 868 3172 quemquern
881 3097 917 3155 iis
938 3099 998 3176 qui·

152 3255 174 3288 ⁶⁵
191 3258 277 3302 tierrun
295 3255 413 3303 trionum
388 3257 502 3362 dm]
492 3257 585 3318 JHoc
604 3257 692 3304 falsum.
712 3269 734 3304 v.
720 3253 844 3364 Pighius
859 3260 889 3306 sd
906 3275 926 3307 a
945 3265 996 3310 631

124 3311 325 3420 MMddrMmdus
338 3315 423 3375 ronige
439 3315 558 3376 stsregd5
572 3318 632 3380 quod
642 3317 675 3363 rei
692 3329 774 3364 consen

151 3451 310 3511 “atulam
319 3453 374 3514 eiu]
399 3452 673 3502 Mulelrseeoolnerent·
691 3455 1000 3503 immansuetorum

124 3507 208 3566 tnnc,
218 3515 240 3556 et
257 3516 357 3571 scupus,
367 3516 409 3558 etc.
441 3511 494 3558 Sine
510 3513 578 3560 dubio
592 3513 675 3560 cicero
631 3514 990 3620 mammutcsqucr
953 3517 997 3558 cto.

126 3566 204 3614 lleov
189 3575 516 3632 verorrcturnessepotsst·
529 3569 629 3632 Mucio
860 3583 931 3616 urus·
946 3582 998 3616 narn

124 3638 208 3674 sennim
219 3643 262 3674 non
279 3629 355 3674 habet.
385 3631 463 3676 Sermo
481 3634 516 3676 est
535 3573 633 3676 enimdc
651 3629 798 3700 cerdsrim,
817 3629 902 3676 Ecum
919 3627 1000 3679 sili*

124 3683 178 3732 titio.
203 3685 317 3746 corrigo:
332 3687 691 3750 lnpunmumuuuanau
667 3688 731 3736 uris.

160 3783 231 3826 vor..
253 3785 300 3826 nr.
407 3823 411 3828 .
583 3770 601 3822 5

792 3321 802 3364 t
811 3323 835 3364 et
844 3323 906 3365 recte
917 3320 999 3381 probat
